;; -*- mode: org; mode: beancount; -*-
;; Birth: 1980-05-12
;; Dates: 2023-01-01 - 2025-12-13
;; THIS FILE HAS BEEN AUTO-GENERATED.
* Options

option "title" "Example Beancount file"
option "operating_currency" "USD"




* Commodities


1792-01-01 commodity USD
  name: "US Dollar"
  export: "CASH"

1900-01-01 commodity VMMXX
  export: "MUTF:VMMXX (MONEY:USD)"

1980-05-12 commodity VACHR
  name: "Employer Vacation Hours"
  export: "IGNORE"

1980-05-12 commodity IRAUSD
  name: "US 401k and IRA Contributions"
  export: "IGNORE"

1995-09-18 commodity VBMPX
  name: "Vanguard Total Bond Market Index Fund Institutional Plus Shares"
  export: "MUTF:VBMPX"
  price: "USD:google/MUTF:VBMPX"

2004-01-20 commodity ITOT
  name: "iShares Core S&P Total U.S. Stock Market ETF"
  export: "NYSEARCA:ITOT"
  price: "USD:google/NYSEARCA:ITOT"

2004-01-26 commodity VHT
  name: "Vanguard Health Care ETF"
  export: "NYSEARCA:VHT"
  price: "USD:google/NYSEARCA:VHT"

2004-11-01 commodity GLD
  name: "SPDR Gold Trust (ETF)"
  export: "NYSEARCA:GLD"
  price: "USD:google/NYSEARCA:GLD"

2007-07-20 commodity VEA
  name: "Vanguard FTSE Developed Markets ETF"
  export: "NYSEARCA:VEA"
  price: "USD:google/NYSEARCA:VEA"

2009-05-01 commodity RGAGX
  name: "American Funds The Growth Fund of America Class R-6"
  export: "MUTF:RGAGX"
  price: "USD:google/MUTF:RGAGX"



* Equity Accounts

1980-05-12 open Equity:Opening-Balances
1980-05-12 open Liabilities:AccountsPayable



* Banking

2023-01-01 open Assets:US:BofA
  institution: "Bank of America"
  address: "123 America Street, LargeTown, USA"
  phone: "+1.012.345.6789"
2023-01-01 open Assets:US:BofA:Checking                        USD
  account: "00234-48574897"

2023-01-01 * "Opening Balance for checking account"
  Assets:US:BofA:Checking                         3817.85 USD
  Equity:Opening-Balances                        -3817.85 USD

2023-01-02 balance Assets:US:BofA:Checking        3817.85 USD

2023-01-04 * "BANK FEES" "Monthly bank fee"
  Assets:US:BofA:Checking                           -4.00 USD
  Expenses:Financial:Fees                            4.00 USD

2023-01-05 * "RiverBank Properties" "Paying the rent"
  Assets:US:BofA:Checking                        -2400.00 USD
  Expenses:Home:Rent                              2400.00 USD

2023-01-08 * "EDISON POWER" ""
  Assets:US:BofA:Checking                          -65.00 USD
  Expenses:Home:Electricity                         65.00 USD

2023-01-20 * "Verizon Wireless" ""
  Assets:US:BofA:Checking                          -53.67 USD
  Expenses:Home:Phone                               53.67 USD

2023-01-22 balance Assets:US:BofA:Checking        3934.17 USD

2023-01-22 * "Wine-Tarner Cable" ""
  Assets:US:BofA:Checking                          -80.03 USD
  Expenses:Home:Internet                            80.03 USD

2023-02-04 * "BANK FEES" "Monthly bank fee"
  Assets:US:BofA:Checking                           -4.00 USD
  Expenses:Financial:Fees                            4.00 USD

2023-02-05 * "RiverBank Properties" "Paying the rent"
  Assets:US:BofA:Checking                        -2400.00 USD
  Expenses:Home:Rent                              2400.00 USD

2023-02-08 * "EDISON POWER" ""
  Assets:US:BofA:Checking                          -65.00 USD
  Expenses:Home:Electricity                         65.00 USD

2023-02-15 balance Assets:US:BofA:Checking        2148.86 USD

2023-02-20 * "Verizon Wireless" ""
  Assets:US:BofA:Checking                          -59.34 USD
  Expenses:Home:Phone                               59.34 USD

2023-02-22 * "Wine-Tarner Cable" ""
  Assets:US:BofA:Checking                          -80.07 USD
  Expenses:Home:Internet                            80.07 USD

2023-03-04 * "BANK FEES" "Monthly bank fee"
  Assets:US:BofA:Checking                           -4.00 USD
  Expenses:Financial:Fees                            4.00 USD

2023-03-04 * "RiverBank Properties" "Paying the rent"
  Assets:US:BofA:Checking                        -2400.00 USD
  Expenses:Home:Rent                              2400.00 USD

2023-03-09 * "EDISON POWER" ""
  Assets:US:BofA:Checking                          -65.00 USD
  Expenses:Home:Electricity                         65.00 USD

2023-03-11 balance Assets:US:BofA:Checking        1693.70 USD

2023-03-20 * "Verizon Wireless" ""
  Assets:US:BofA:Checking                          -75.02 USD
  Expenses:Home:Phone                               75.02 USD

2023-03-21 * "Wine-Tarner Cable" ""
  Assets:US:BofA:Checking                          -79.91 USD
  Expenses:Home:Internet                            79.91 USD

2023-04-03 * "RiverBank Properties" "Paying the rent"
  Assets:US:BofA:Checking                        -2400.00 USD
  Expenses:Home:Rent                              2400.00 USD

2023-04-04 * "BANK FEES" "Monthly bank fee"
  Assets:US:BofA:Checking                           -4.00 USD
  Expenses:Financial:Fees                            4.00 USD

2023-04-08 balance Assets:US:BofA:Checking        1835.97 USD

2023-04-08 * "EDISON POWER" ""
  Assets:US:BofA:Checking                          -65.00 USD
  Expenses:Home:Electricity                         65.00 USD

2023-04-18 * "Verizon Wireless" ""
  Assets:US:BofA:Checking                          -77.45 USD
  Expenses:Home:Phone                               77.45 USD

2023-04-21 * "Wine-Tarner Cable" ""
  Assets:US:BofA:Checking                          -79.96 USD
  Expenses:Home:Internet                            79.96 USD

2023-05-01 balance Assets:US:BofA:Checking        3571.72 USD

2023-05-04 * "BANK FEES" "Monthly bank fee"
  Assets:US:BofA:Checking                           -4.00 USD
  Expenses:Financial:Fees                            4.00 USD

2023-05-04 * "RiverBank Properties" "Paying the rent"
  Assets:US:BofA:Checking                        -2400.00 USD
  Expenses:Home:Rent                              2400.00 USD

2023-05-09 * "EDISON POWER" ""
  Assets:US:BofA:Checking                          -65.00 USD
  Expenses:Home:Electricity                         65.00 USD

2023-05-20 * "Verizon Wireless" ""
  Assets:US:BofA:Checking                          -78.62 USD
  Expenses:Home:Phone                               78.62 USD

2023-05-21 * "Wine-Tarner Cable" ""
  Assets:US:BofA:Checking                          -79.83 USD
  Expenses:Home:Internet                            79.83 USD

2023-05-29 balance Assets:US:BofA:Checking        2988.40 USD

2023-06-04 * "BANK FEES" "Monthly bank fee"
  Assets:US:BofA:Checking                           -4.00 USD
  Expenses:Financial:Fees                            4.00 USD

2023-06-05 * "RiverBank Properties" "Paying the rent"
  Assets:US:BofA:Checking                        -2400.00 USD
  Expenses:Home:Rent                              2400.00 USD

2023-06-08 * "EDISON POWER" ""
  Assets:US:BofA:Checking                          -65.00 USD
  Expenses:Home:Electricity                         65.00 USD

2023-06-19 * "Verizon Wireless" ""
  Assets:US:BofA:Checking                          -70.00 USD
  Expenses:Home:Phone                               70.00 USD

2023-06-22 * "Wine-Tarner Cable" ""
  Assets:US:BofA:Checking                          -79.94 USD
  Expenses:Home:Internet                            79.94 USD

2023-06-23 balance Assets:US:BofA:Checking        2486.26 USD

2023-07-04 * "BANK FEES" "Monthly bank fee"
  Assets:US:BofA:Checking                           -4.00 USD
  Expenses:Financial:Fees                            4.00 USD

2023-07-04 * "RiverBank Properties" "Paying the rent"
  Assets:US:BofA:Checking                        -2400.00 USD
  Expenses:Home:Rent                              2400.00 USD

2023-07-09 * "EDISON POWER" ""
  Assets:US:BofA:Checking                          -65.00 USD
  Expenses:Home:Electricity                         65.00 USD

2023-07-19 balance Assets:US:BofA:Checking         745.11 USD

2023-07-19 * "Verizon Wireless" ""
  Assets:US:BofA:Checking                          -55.72 USD
  Expenses:Home:Phone                               55.72 USD

2023-07-22 * "Wine-Tarner Cable" ""
  Assets:US:BofA:Checking                          -79.91 USD
  Expenses:Home:Internet                            79.91 USD

2023-08-04 * "BANK FEES" "Monthly bank fee"
  Assets:US:BofA:Checking                           -4.00 USD
  Expenses:Financial:Fees                            4.00 USD

2023-08-05 * "RiverBank Properties" "Paying the rent"
  Assets:US:BofA:Checking                        -2400.00 USD
  Expenses:Home:Rent                              2400.00 USD

2023-08-09 * "EDISON POWER" ""
  Assets:US:BofA:Checking                          -65.00 USD
  Expenses:Home:Electricity                         65.00 USD

2023-08-17 balance Assets:US:BofA:Checking         799.59 USD

2023-08-20 * "Verizon Wireless" ""
  Assets:US:BofA:Checking                          -66.55 USD
  Expenses:Home:Phone                               66.55 USD

2023-08-23 * "Wine-Tarner Cable" ""
  Assets:US:BofA:Checking                          -80.12 USD
  Expenses:Home:Internet                            80.12 USD

2023-09-04 * "BANK FEES" "Monthly bank fee"
  Assets:US:BofA:Checking                           -4.00 USD
  Expenses:Financial:Fees                            4.00 USD

2023-09-06 * "RiverBank Properties" "Paying the rent"
  Assets:US:BofA:Checking                        -2400.00 USD
  Expenses:Home:Rent                              2400.00 USD

2023-09-08 * "EDISON POWER" ""
  Assets:US:BofA:Checking                          -65.00 USD
  Expenses:Home:Electricity                         65.00 USD

2023-09-11 balance Assets:US:BofA:Checking        2770.01 USD

2023-09-15 * "Transfering accumulated savings to other account"
  Assets:US:BofA:Checking                           -4000 USD
  Assets:US:ETrade:Cash                              4000 USD

2023-09-18 * "Verizon Wireless" ""
  Assets:US:BofA:Checking                          -59.10 USD
  Expenses:Home:Phone                               59.10 USD

2023-09-23 * "Wine-Tarner Cable" ""
  Assets:US:BofA:Checking                          -80.04 USD
  Expenses:Home:Internet                            80.04 USD

2023-10-04 * "BANK FEES" "Monthly bank fee"
  Assets:US:BofA:Checking                           -4.00 USD
  Expenses:Financial:Fees                            4.00 USD

2023-10-05 * "RiverBank Properties" "Paying the rent"
  Assets:US:BofA:Checking                        -2400.00 USD
  Expenses:Home:Rent                              2400.00 USD

2023-10-06 balance Assets:US:BofA:Checking        1328.07 USD

2023-10-09 * "EDISON POWER" ""
  Assets:US:BofA:Checking                          -65.00 USD
  Expenses:Home:Electricity                         65.00 USD

2023-10-20 * "Verizon Wireless" ""
  Assets:US:BofA:Checking                          -63.03 USD
  Expenses:Home:Phone                               63.03 USD

2023-10-23 * "Wine-Tarner Cable" ""
  Assets:US:BofA:Checking                          -80.10 USD
  Expenses:Home:Internet                            80.10 USD

2023-11-04 balance Assets:US:BofA:Checking        5513.49 USD

2023-11-04 * "BANK FEES" "Monthly bank fee"
  Assets:US:BofA:Checking                           -4.00 USD
  Expenses:Financial:Fees                            4.00 USD

2023-11-06 * "RiverBank Properties" "Paying the rent"
  Assets:US:BofA:Checking                        -2400.00 USD
  Expenses:Home:Rent                              2400.00 USD

2023-11-09 * "EDISON POWER" ""
  Assets:US:BofA:Checking                          -65.00 USD
  Expenses:Home:Electricity                         65.00 USD

2023-11-10 * "Transfering accumulated savings to other account"
  Assets:US:BofA:Checking                           -4000 USD
  Assets:US:ETrade:Cash                              4000 USD

2023-11-19 * "Verizon Wireless" ""
  Assets:US:BofA:Checking                          -68.54 USD
  Expenses:Home:Phone                               68.54 USD

2023-11-21 * "Wine-Tarner Cable" ""
  Assets:US:BofA:Checking                          -79.91 USD
  Expenses:Home:Internet                            79.91 USD

2023-11-24 balance Assets:US:BofA:Checking        3250.09 USD

2023-12-04 * "BANK FEES" "Monthly bank fee"
  Assets:US:BofA:Checking                           -4.00 USD
  Expenses:Financial:Fees                            4.00 USD

2023-12-05 * "RiverBank Properties" "Paying the rent"
  Assets:US:BofA:Checking                        -2400.00 USD
  Expenses:Home:Rent                              2400.00 USD

2023-12-08 * "EDISON POWER" ""
  Assets:US:BofA:Checking                          -65.00 USD
  Expenses:Home:Electricity                         65.00 USD

2023-12-18 * "Verizon Wireless" ""
  Assets:US:BofA:Checking                          -66.98 USD
  Expenses:Home:Phone                               66.98 USD

2023-12-21 * "Wine-Tarner Cable" ""
  Assets:US:BofA:Checking                          -79.97 USD
  Expenses:Home:Internet                            79.97 USD

2023-12-24 balance Assets:US:BofA:Checking        5803.14 USD

2024-01-04 * "BANK FEES" "Monthly bank fee"
  Assets:US:BofA:Checking                           -4.00 USD
  Expenses:Financial:Fees                            4.00 USD

2024-01-04 * "RiverBank Properties" "Paying the rent"
  Assets:US:BofA:Checking                        -2400.00 USD
  Expenses:Home:Rent                              2400.00 USD

2024-01-08 * "EDISON POWER" ""
  Assets:US:BofA:Checking                          -65.00 USD
  Expenses:Home:Electricity                         65.00 USD

2024-01-18 * "Verizon Wireless" ""
  Assets:US:BofA:Checking                          -56.43 USD
  Expenses:Home:Phone                               56.43 USD

2024-01-22 balance Assets:US:BofA:Checking        5297.26 USD

2024-01-22 * "Wine-Tarner Cable" ""
  Assets:US:BofA:Checking                          -79.94 USD
  Expenses:Home:Internet                            79.94 USD

2024-02-04 * "BANK FEES" "Monthly bank fee"
  Assets:US:BofA:Checking                           -4.00 USD
  Expenses:Financial:Fees                            4.00 USD

2024-02-05 * "RiverBank Properties" "Paying the rent"
  Assets:US:BofA:Checking                        -2400.00 USD
  Expenses:Home:Rent                              2400.00 USD

2024-02-09 * "EDISON POWER" ""
  Assets:US:BofA:Checking                          -65.00 USD
  Expenses:Home:Electricity                         65.00 USD

2024-02-13 balance Assets:US:BofA:Checking        3458.09 USD

2024-02-20 * "Verizon Wireless" ""
  Assets:US:BofA:Checking                          -73.15 USD
  Expenses:Home:Phone                               73.15 USD

2024-02-23 * "Wine-Tarner Cable" ""
  Assets:US:BofA:Checking                          -79.99 USD
  Expenses:Home:Internet                            79.99 USD

2024-03-04 * "BANK FEES" "Monthly bank fee"
  Assets:US:BofA:Checking                           -4.00 USD
  Expenses:Financial:Fees                            4.00 USD

2024-03-05 balance Assets:US:BofA:Checking        6002.15 USD

2024-03-05 * "RiverBank Properties" "Paying the rent"
  Assets:US:BofA:Checking                        -2400.00 USD
  Expenses:Home:Rent                              2400.00 USD

2024-03-08 * "EDISON POWER" ""
  Assets:US:BofA:Checking                          -65.00 USD
  Expenses:Home:Electricity                         65.00 USD

2024-03-18 * "Verizon Wireless" ""
  Assets:US:BofA:Checking                          -70.96 USD
  Expenses:Home:Phone                               70.96 USD

2024-03-22 * "Wine-Tarner Cable" ""
  Assets:US:BofA:Checking                          -80.05 USD
  Expenses:Home:Internet                            80.05 USD

2024-03-26 balance Assets:US:BofA:Checking        3424.71 USD

2024-04-04 * "BANK FEES" "Monthly bank fee"
  Assets:US:BofA:Checking                           -4.00 USD
  Expenses:Financial:Fees                            4.00 USD

2024-04-05 * "RiverBank Properties" "Paying the rent"
  Assets:US:BofA:Checking                        -2400.00 USD
  Expenses:Home:Rent                              2400.00 USD

2024-04-08 * "EDISON POWER" ""
  Assets:US:BofA:Checking                          -65.00 USD
  Expenses:Home:Electricity                         65.00 USD

2024-04-17 balance Assets:US:BofA:Checking        3147.41 USD

2024-04-20 * "Verizon Wireless" ""
  Assets:US:BofA:Checking                          -59.65 USD
  Expenses:Home:Phone                               59.65 USD

2024-04-22 * "Wine-Tarner Cable" ""
  Assets:US:BofA:Checking                          -79.83 USD
  Expenses:Home:Internet                            79.83 USD

2024-05-03 * "RiverBank Properties" "Paying the rent"
  Assets:US:BofA:Checking                        -2400.00 USD
  Expenses:Home:Rent                              2400.00 USD

2024-05-04 * "BANK FEES" "Monthly bank fee"
  Assets:US:BofA:Checking                           -4.00 USD
  Expenses:Financial:Fees                            4.00 USD

2024-05-08 * "EDISON POWER" ""
  Assets:US:BofA:Checking                          -65.00 USD
  Expenses:Home:Electricity                         65.00 USD

2024-05-14 balance Assets:US:BofA:Checking        2547.64 USD

2024-05-18 * "Verizon Wireless" ""
  Assets:US:BofA:Checking                          -72.19 USD
  Expenses:Home:Phone                               72.19 USD

2024-05-23 * "Wine-Tarner Cable" ""
  Assets:US:BofA:Checking                          -80.02 USD
  Expenses:Home:Internet                            80.02 USD

2024-06-04 * "BANK FEES" "Monthly bank fee"
  Assets:US:BofA:Checking                           -4.00 USD
  Expenses:Financial:Fees                            4.00 USD

2024-06-04 * "RiverBank Properties" "Paying the rent"
  Assets:US:BofA:Checking                        -2400.00 USD
  Expenses:Home:Rent                              2400.00 USD

2024-06-09 * "EDISON POWER" ""
  Assets:US:BofA:Checking                          -65.00 USD
  Expenses:Home:Electricity                         65.00 USD

2024-06-11 balance Assets:US:BofA:Checking        2016.30 USD

2024-06-18 * "Verizon Wireless" ""
  Assets:US:BofA:Checking                          -54.87 USD
  Expenses:Home:Phone                               54.87 USD

2024-06-22 * "Wine-Tarner Cable" ""
  Assets:US:BofA:Checking                          -80.00 USD
  Expenses:Home:Internet                            80.00 USD

2024-07-01 balance Assets:US:BofA:Checking        3232.03 USD

2024-07-04 * "BANK FEES" "Monthly bank fee"
  Assets:US:BofA:Checking                           -4.00 USD
  Expenses:Financial:Fees                            4.00 USD

2024-07-04 * "RiverBank Properties" "Paying the rent"
  Assets:US:BofA:Checking                        -2400.00 USD
  Expenses:Home:Rent                              2400.00 USD

2024-07-09 * "EDISON POWER" ""
  Assets:US:BofA:Checking                          -65.00 USD
  Expenses:Home:Electricity                         65.00 USD

2024-07-20 * "Verizon Wireless" ""
  Assets:US:BofA:Checking                          -58.30 USD
  Expenses:Home:Phone                               58.30 USD

2024-07-23 * "Wine-Tarner Cable" ""
  Assets:US:BofA:Checking                          -79.98 USD
  Expenses:Home:Internet                            79.98 USD

2024-07-31 balance Assets:US:BofA:Checking        2586.41 USD

2024-08-03 * "RiverBank Properties" "Paying the rent"
  Assets:US:BofA:Checking                        -2400.00 USD
  Expenses:Home:Rent                              2400.00 USD

2024-08-04 * "BANK FEES" "Monthly bank fee"
  Assets:US:BofA:Checking                           -4.00 USD
  Expenses:Financial:Fees                            4.00 USD

2024-08-09 * "EDISON POWER" ""
  Assets:US:BofA:Checking                          -65.00 USD
  Expenses:Home:Electricity                         65.00 USD

2024-08-16 * "Transfering accumulated savings to other account"
  Assets:US:BofA:Checking                           -3000 USD
  Assets:US:ETrade:Cash                              3000 USD

2024-08-20 * "Verizon Wireless" ""
  Assets:US:BofA:Checking                          -40.49 USD
  Expenses:Home:Phone                               40.49 USD

2024-08-22 * "Wine-Tarner Cable" ""
  Assets:US:BofA:Checking                          -79.81 USD
  Expenses:Home:Internet                            79.81 USD

2024-08-26 balance Assets:US:BofA:Checking        1036.95 USD

2024-09-04 * "BANK FEES" "Monthly bank fee"
  Assets:US:BofA:Checking                           -4.00 USD
  Expenses:Financial:Fees                            4.00 USD

2024-09-06 * "RiverBank Properties" "Paying the rent"
  Assets:US:BofA:Checking                        -2400.00 USD
  Expenses:Home:Rent                              2400.00 USD

2024-09-08 * "EDISON POWER" ""
  Assets:US:BofA:Checking                          -65.00 USD
  Expenses:Home:Electricity                         65.00 USD

2024-09-18 balance Assets:US:BofA:Checking        2953.81 USD

2024-09-20 * "Verizon Wireless" ""
  Assets:US:BofA:Checking                          -58.84 USD
  Expenses:Home:Phone                               58.84 USD

2024-09-21 * "Wine-Tarner Cable" ""
  Assets:US:BofA:Checking                          -79.87 USD
  Expenses:Home:Internet                            79.87 USD

2024-10-04 * "BANK FEES" "Monthly bank fee"
  Assets:US:BofA:Checking                           -4.00 USD
  Expenses:Financial:Fees                            4.00 USD

2024-10-06 * "RiverBank Properties" "Paying the rent"
  Assets:US:BofA:Checking                        -2400.00 USD
  Expenses:Home:Rent                              2400.00 USD

2024-10-09 balance Assets:US:BofA:Checking        2526.65 USD

2024-10-09 * "EDISON POWER" ""
  Assets:US:BofA:Checking                          -65.00 USD
  Expenses:Home:Electricity                         65.00 USD

2024-10-11 * "Transfering accumulated savings to other account"
  Assets:US:BofA:Checking                           -4500 USD
  Assets:US:ETrade:Cash                              4500 USD

2024-10-18 * "Verizon Wireless" ""
  Assets:US:BofA:Checking                          -70.13 USD
  Expenses:Home:Phone                               70.13 USD

2024-10-23 * "Wine-Tarner Cable" ""
  Assets:US:BofA:Checking                          -79.99 USD
  Expenses:Home:Internet                            79.99 USD

2024-11-03 * "RiverBank Properties" "Paying the rent"
  Assets:US:BofA:Checking                        -2400.00 USD
  Expenses:Home:Rent                              2400.00 USD

2024-11-04 balance Assets:US:BofA:Checking         512.73 USD

2024-11-04 * "BANK FEES" "Monthly bank fee"
  Assets:US:BofA:Checking                           -4.00 USD
  Expenses:Financial:Fees                            4.00 USD

2024-11-08 * "EDISON POWER" ""
  Assets:US:BofA:Checking                          -65.00 USD
  Expenses:Home:Electricity                         65.00 USD

2024-11-20 * "Verizon Wireless" ""
  Assets:US:BofA:Checking                          -56.18 USD
  Expenses:Home:Phone                               56.18 USD

2024-11-23 * "Wine-Tarner Cable" ""
  Assets:US:BofA:Checking                          -79.74 USD
  Expenses:Home:Internet                            79.74 USD

2024-12-03 balance Assets:US:BofA:Checking        4717.97 USD

2024-12-04 * "BANK FEES" "Monthly bank fee"
  Assets:US:BofA:Checking                           -4.00 USD
  Expenses:Financial:Fees                            4.00 USD

2024-12-04 * "RiverBank Properties" "Paying the rent"
  Assets:US:BofA:Checking                        -2400.00 USD
  Expenses:Home:Rent                              2400.00 USD

2024-12-09 * "EDISON POWER" ""
  Assets:US:BofA:Checking                          -65.00 USD
  Expenses:Home:Electricity                         65.00 USD

2024-12-18 * "Verizon Wireless" ""
  Assets:US:BofA:Checking                          -60.95 USD
  Expenses:Home:Phone                               60.95 USD

2024-12-23 * "Wine-Tarner Cable" ""
  Assets:US:BofA:Checking                          -79.90 USD
  Expenses:Home:Internet                            79.90 USD

2024-12-26 balance Assets:US:BofA:Checking        6827.61 USD

2025-01-04 * "BANK FEES" "Monthly bank fee"
  Assets:US:BofA:Checking                           -4.00 USD
  Expenses:Financial:Fees                            4.00 USD

2025-01-04 * "RiverBank Properties" "Paying the rent"
  Assets:US:BofA:Checking                        -2400.00 USD
  Expenses:Home:Rent                              2400.00 USD

2025-01-09 * "EDISON POWER" ""
  Assets:US:BofA:Checking                          -65.00 USD
  Expenses:Home:Electricity                         65.00 USD

2025-01-18 balance Assets:US:BofA:Checking        6420.27 USD

2025-01-20 * "Verizon Wireless" ""
  Assets:US:BofA:Checking                          -59.04 USD
  Expenses:Home:Phone                               59.04 USD

2025-01-22 * "Wine-Tarner Cable" ""
  Assets:US:BofA:Checking                          -79.95 USD
  Expenses:Home:Internet                            79.95 USD

2025-02-04 * "BANK FEES" "Monthly bank fee"
  Assets:US:BofA:Checking                           -4.00 USD
  Expenses:Financial:Fees                            4.00 USD

2025-02-04 * "RiverBank Properties" "Paying the rent"
  Assets:US:BofA:Checking                        -2400.00 USD
  Expenses:Home:Rent                              2400.00 USD

2025-02-07 balance Assets:US:BofA:Checking        5227.88 USD

2025-02-08 * "EDISON POWER" ""
  Assets:US:BofA:Checking                          -65.00 USD
  Expenses:Home:Electricity                         65.00 USD

2025-02-18 * "Verizon Wireless" ""
  Assets:US:BofA:Checking                          -67.32 USD
  Expenses:Home:Phone                               67.32 USD

2025-02-23 * "Wine-Tarner Cable" ""
  Assets:US:BofA:Checking                          -79.98 USD
  Expenses:Home:Internet                            79.98 USD

2025-03-04 balance Assets:US:BofA:Checking        7006.63 USD

2025-03-04 * "BANK FEES" "Monthly bank fee"
  Assets:US:BofA:Checking                           -4.00 USD
  Expenses:Financial:Fees                            4.00 USD

2025-03-06 * "RiverBank Properties" "Paying the rent"
  Assets:US:BofA:Checking                        -2400.00 USD
  Expenses:Home:Rent                              2400.00 USD

2025-03-08 * "EDISON POWER" ""
  Assets:US:BofA:Checking                          -65.00 USD
  Expenses:Home:Electricity                         65.00 USD

2025-03-20 * "Verizon Wireless" ""
  Assets:US:BofA:Checking                          -53.98 USD
  Expenses:Home:Phone                               53.98 USD

2025-03-23 * "Wine-Tarner Cable" ""
  Assets:US:BofA:Checking                          -79.95 USD
  Expenses:Home:Internet                            79.95 USD

2025-03-24 balance Assets:US:BofA:Checking        5204.61 USD

2025-04-04 * "BANK FEES" "Monthly bank fee"
  Assets:US:BofA:Checking                           -4.00 USD
  Expenses:Financial:Fees                            4.00 USD

2025-04-04 * "RiverBank Properties" "Paying the rent"
  Assets:US:BofA:Checking                        -2400.00 USD
  Expenses:Home:Rent                              2400.00 USD

2025-04-09 * "EDISON POWER" ""
  Assets:US:BofA:Checking                          -65.00 USD
  Expenses:Home:Electricity                         65.00 USD

2025-04-13 balance Assets:US:BofA:Checking        3865.26 USD

2025-04-20 * "Verizon Wireless" ""
  Assets:US:BofA:Checking                          -52.86 USD
  Expenses:Home:Phone                               52.86 USD

2025-04-22 * "Wine-Tarner Cable" ""
  Assets:US:BofA:Checking                          -79.94 USD
  Expenses:Home:Internet                            79.94 USD

2025-05-04 * "BANK FEES" "Monthly bank fee"
  Assets:US:BofA:Checking                           -4.00 USD
  Expenses:Financial:Fees                            4.00 USD

2025-05-05 balance Assets:US:BofA:Checking        5079.06 USD

2025-05-06 * "RiverBank Properties" "Paying the rent"
  Assets:US:BofA:Checking                        -2400.00 USD
  Expenses:Home:Rent                              2400.00 USD

2025-05-09 * "EDISON POWER" ""
  Assets:US:BofA:Checking                          -65.00 USD
  Expenses:Home:Electricity                         65.00 USD

2025-05-20 * "Verizon Wireless" ""
  Assets:US:BofA:Checking                          -58.80 USD
  Expenses:Home:Phone                               58.80 USD

2025-05-23 * "Wine-Tarner Cable" ""
  Assets:US:BofA:Checking                          -80.04 USD
  Expenses:Home:Internet                            80.04 USD

2025-05-26 balance Assets:US:BofA:Checking        4644.41 USD

2025-06-04 * "BANK FEES" "Monthly bank fee"
  Assets:US:BofA:Checking                           -4.00 USD
  Expenses:Financial:Fees                            4.00 USD

2025-06-04 * "RiverBank Properties" "Paying the rent"
  Assets:US:BofA:Checking                        -2400.00 USD
  Expenses:Home:Rent                              2400.00 USD

2025-06-08 * "EDISON POWER" ""
  Assets:US:BofA:Checking                          -65.00 USD
  Expenses:Home:Electricity                         65.00 USD

2025-06-18 balance Assets:US:BofA:Checking        3184.33 USD

2025-06-18 * "Verizon Wireless" ""
  Assets:US:BofA:Checking                          -47.91 USD
  Expenses:Home:Phone                               47.91 USD

2025-06-23 * "Wine-Tarner Cable" ""
  Assets:US:BofA:Checking                          -79.95 USD
  Expenses:Home:Internet                            79.95 USD

2025-07-04 * "BANK FEES" "Monthly bank fee"
  Assets:US:BofA:Checking                           -4.00 USD
  Expenses:Financial:Fees                            4.00 USD

2025-07-05 * "RiverBank Properties" "Paying the rent"
  Assets:US:BofA:Checking                        -2400.00 USD
  Expenses:Home:Rent                              2400.00 USD

2025-07-09 * "EDISON POWER" ""
  Assets:US:BofA:Checking                          -65.00 USD
  Expenses:Home:Electricity                         65.00 USD

2025-07-13 balance Assets:US:BofA:Checking        2725.55 USD

2025-07-18 * "Verizon Wireless" ""
  Assets:US:BofA:Checking                          -61.48 USD
  Expenses:Home:Phone                               61.48 USD

2025-07-22 * "Wine-Tarner Cable" ""
  Assets:US:BofA:Checking                          -79.81 USD
  Expenses:Home:Internet                            79.81 USD

2025-08-04 * "BANK FEES" "Monthly bank fee"
  Assets:US:BofA:Checking                           -4.00 USD
  Expenses:Financial:Fees                            4.00 USD

2025-08-06 * "RiverBank Properties" "Paying the rent"
  Assets:US:BofA:Checking                        -2400.00 USD
  Expenses:Home:Rent                              2400.00 USD

2025-08-09 balance Assets:US:BofA:Checking        3014.96 USD

2025-08-09 * "EDISON POWER" ""
  Assets:US:BofA:Checking                          -65.00 USD
  Expenses:Home:Electricity                         65.00 USD

2025-08-15 * "Transfering accumulated savings to other account"
  Assets:US:BofA:Checking                           -4500 USD
  Assets:US:ETrade:Cash                              4500 USD

2025-08-18 * "Verizon Wireless" ""
  Assets:US:BofA:Checking                          -85.03 USD
  Expenses:Home:Phone                               85.03 USD

2025-08-23 * "Wine-Tarner Cable" ""
  Assets:US:BofA:Checking                          -80.20 USD
  Expenses:Home:Internet                            80.20 USD

2025-09-04 * "BANK FEES" "Monthly bank fee"
  Assets:US:BofA:Checking                           -4.00 USD
  Expenses:Financial:Fees                            4.00 USD

2025-09-05 balance Assets:US:BofA:Checking        3381.93 USD

2025-09-05 * "RiverBank Properties" "Paying the rent"
  Assets:US:BofA:Checking                        -2400.00 USD
  Expenses:Home:Rent                              2400.00 USD

2025-09-08 * "EDISON POWER" ""
  Assets:US:BofA:Checking                          -65.00 USD
  Expenses:Home:Electricity                         65.00 USD

2025-09-19 * "Verizon Wireless" ""
  Assets:US:BofA:Checking                          -60.56 USD
  Expenses:Home:Phone                               60.56 USD

2025-09-21 * "Wine-Tarner Cable" ""
  Assets:US:BofA:Checking                          -80.03 USD
  Expenses:Home:Internet                            80.03 USD

2025-10-03 balance Assets:US:BofA:Checking        5308.51 USD

2025-10-04 * "BANK FEES" "Monthly bank fee"
  Assets:US:BofA:Checking                           -4.00 USD
  Expenses:Financial:Fees                            4.00 USD

2025-10-04 * "RiverBank Properties" "Paying the rent"
  Assets:US:BofA:Checking                        -2400.00 USD
  Expenses:Home:Rent                              2400.00 USD

2025-10-09 * "EDISON POWER" ""
  Assets:US:BofA:Checking                          -65.00 USD
  Expenses:Home:Electricity                         65.00 USD

2025-10-10 * "Transfering accumulated savings to other account"
  Assets:US:BofA:Checking                           -4000 USD
  Assets:US:ETrade:Cash                              4000 USD

2025-10-20 * "Verizon Wireless" ""
  Assets:US:BofA:Checking                          -54.59 USD
  Expenses:Home:Phone                               54.59 USD

2025-10-23 * "Wine-Tarner Cable" ""
  Assets:US:BofA:Checking                          -80.03 USD
  Expenses:Home:Internet                            80.03 USD

2025-11-02 balance Assets:US:BofA:Checking        3104.62 USD

2025-11-04 * "BANK FEES" "Monthly bank fee"
  Assets:US:BofA:Checking                           -4.00 USD
  Expenses:Financial:Fees                            4.00 USD

2025-11-06 * "RiverBank Properties" "Paying the rent"
  Assets:US:BofA:Checking                        -2400.00 USD
  Expenses:Home:Rent                              2400.00 USD

2025-11-09 * "EDISON POWER" ""
  Assets:US:BofA:Checking                          -65.00 USD
  Expenses:Home:Electricity                         65.00 USD

2025-11-19 * "Verizon Wireless" ""
  Assets:US:BofA:Checking                          -71.27 USD
  Expenses:Home:Phone                               71.27 USD

2025-11-21 * "Transfering accumulated savings to other account"
  Assets:US:BofA:Checking                           -4500 USD
  Assets:US:ETrade:Cash                              4500 USD

2025-11-22 * "Wine-Tarner Cable" ""
  Assets:US:BofA:Checking                          -79.84 USD
  Expenses:Home:Internet                            79.84 USD

2025-11-28 balance Assets:US:BofA:Checking         603.01 USD

2025-12-04 * "BANK FEES" "Monthly bank fee"
  Assets:US:BofA:Checking                           -4.00 USD
  Expenses:Financial:Fees                            4.00 USD



* Credit-Cards

1980-05-12 open Liabilities:US:Chase:Slate                      USD

2023-01-06 * "Kin Soy" "Eating out with Bill"
  Liabilities:US:Chase:Slate                       -32.14 USD
  Expenses:Food:Restaurant                          32.14 USD

2023-01-08 * "Chase:Slate" "Paying off credit card"
  Liabilities:US:Chase:Slate                        62.21 USD
  Assets:US:BofA:Checking                          -62.21 USD

2023-01-10 * "Uncle Boons" "Eating out with Bill"
  Liabilities:US:Chase:Slate                       -30.07 USD
  Expenses:Food:Restaurant                          30.07 USD

2023-01-12 * "Good Moods Market" "Buying groceries"
  Liabilities:US:Chase:Slate                       -59.84 USD
  Expenses:Food:Groceries                           59.84 USD

2023-01-15 * "Rose Flower" "Eating out with Julie"
  Liabilities:US:Chase:Slate                       -15.58 USD
  Expenses:Food:Restaurant                          15.58 USD

2023-01-19 * "China Garden" "Eating out alone"
  Liabilities:US:Chase:Slate                       -21.42 USD
  Expenses:Food:Restaurant                          21.42 USD

2023-01-21 * "Jewel of Morroco" "Eating out alone"
  Liabilities:US:Chase:Slate                       -16.97 USD
  Expenses:Food:Restaurant                          16.97 USD

2023-01-23 balance Liabilities:US:Chase:Slate     -113.81 USD

2023-01-26 * "Chichipotle" "Eating out "
  Liabilities:US:Chase:Slate                       -52.16 USD
  Expenses:Food:Restaurant                          52.16 USD

2023-01-30 * "Goba Goba" "Eating out after work"
  Liabilities:US:Chase:Slate                       -33.81 USD
  Expenses:Food:Restaurant                          33.81 USD

2023-01-31 * "Farmer Fresh" "Buying groceries"
  Liabilities:US:Chase:Slate                       -90.67 USD
  Expenses:Food:Groceries                           90.67 USD

2023-02-01 * "Metro Transport Authority" "Tram tickets"
  Liabilities:US:Chase:Slate                      -120.00 USD
  Expenses:Transport:Tram                          120.00 USD

2023-02-03 * "Goba Goba" "Eating out "
  Liabilities:US:Chase:Slate                       -48.17 USD
  Expenses:Food:Restaurant                          48.17 USD

2023-02-05 * "Goba Goba" "Eating out "
  Liabilities:US:Chase:Slate                       -18.35 USD
  Expenses:Food:Restaurant                          18.35 USD

2023-02-09 * "Uncle Boons" "Eating out alone"
  Liabilities:US:Chase:Slate                       -20.95 USD
  Expenses:Food:Restaurant                          20.95 USD

2023-02-10 * "Onion Market" "Buying groceries"
  Liabilities:US:Chase:Slate                       -88.96 USD
  Expenses:Food:Groceries                           88.96 USD

2023-02-10 * "Chase:Slate" "Paying off credit card"
  Liabilities:US:Chase:Slate                       586.88 USD
  Assets:US:BofA:Checking                         -586.88 USD

2023-02-14 * "Uncle Boons" "Eating out after work"
  Liabilities:US:Chase:Slate                       -36.40 USD
  Expenses:Food:Restaurant                          36.40 USD

2023-02-16 balance Liabilities:US:Chase:Slate      -36.40 USD

2023-02-16 * "China Garden" "Eating out with Natasha"
  Liabilities:US:Chase:Slate                       -33.70 USD
  Expenses:Food:Restaurant                          33.70 USD

2023-02-17 * "Uncle Boons" "Eating out with Bill"
  Liabilities:US:Chase:Slate                       -47.25 USD
  Expenses:Food:Restaurant                          47.25 USD

2023-02-17 * "Onion Market" "Buying groceries"
  Liabilities:US:Chase:Slate                       -64.80 USD
  Expenses:Food:Groceries                           64.80 USD

2023-02-22 * "Uncle Boons" "Eating out with Julie"
  Liabilities:US:Chase:Slate                       -37.01 USD
  Expenses:Food:Restaurant                          37.01 USD

2023-02-24 * "Goba Goba" "Eating out after work"
  Liabilities:US:Chase:Slate                       -27.77 USD
  Expenses:Food:Restaurant                          27.77 USD

2023-03-01 * "Kin Soy" "Eating out with Julie"
  Liabilities:US:Chase:Slate                       -53.82 USD
  Expenses:Food:Restaurant                          53.82 USD

2023-03-04 * "China Garden" "Eating out with Bill"
  Liabilities:US:Chase:Slate                       -26.91 USD
  Expenses:Food:Restaurant                          26.91 USD

2023-03-04 * "Metro Transport Authority" "Tram tickets"
  Liabilities:US:Chase:Slate                      -120.00 USD
  Expenses:Transport:Tram                          120.00 USD

2023-03-06 * "Cafe Modagor" "Eating out with Julie"
  Liabilities:US:Chase:Slate                       -17.41 USD
  Expenses:Food:Restaurant                          17.41 USD

2023-03-08 * "Chase:Slate" "Paying off credit card"
  Liabilities:US:Chase:Slate                       547.95 USD
  Assets:US:BofA:Checking                         -547.95 USD

2023-03-09 * "Corner Deli" "Buying groceries"
  Liabilities:US:Chase:Slate                       -82.88 USD
  Expenses:Food:Groceries                           82.88 USD

2023-03-10 * "Chichipotle" "Eating out "
  Liabilities:US:Chase:Slate                       -51.50 USD
  Expenses:Food:Restaurant                          51.50 USD

2023-03-11 balance Liabilities:US:Chase:Slate      -51.50 USD

2023-03-14 * "Uncle Boons" "Eating out with Joe"
  Liabilities:US:Chase:Slate                       -38.36 USD
  Expenses:Food:Restaurant                          38.36 USD

2023-03-15 * "China Garden" "Eating out with Julie"
  Liabilities:US:Chase:Slate                       -20.31 USD
  Expenses:Food:Restaurant                          20.31 USD

2023-03-17 * "Kin Soy" "Eating out with Julie"
  Liabilities:US:Chase:Slate                       -37.79 USD
  Expenses:Food:Restaurant                          37.79 USD

2023-03-21 * "Uncle Boons" "Eating out "
  Liabilities:US:Chase:Slate                       -21.82 USD
  Expenses:Food:Restaurant                          21.82 USD

2023-03-23 * "Uncle Boons" "Eating out after work"
  Liabilities:US:Chase:Slate                       -45.00 USD
  Expenses:Food:Restaurant                          45.00 USD

2023-03-25 * "Kin Soy" "Eating out "
  Liabilities:US:Chase:Slate                       -37.22 USD
  Expenses:Food:Restaurant                          37.22 USD

2023-03-26 * "Goba Goba" "Eating out with Bill"
  Liabilities:US:Chase:Slate                       -36.45 USD
  Expenses:Food:Restaurant                          36.45 USD

2023-03-29 * "China Garden" "Eating out with Joe"
  Liabilities:US:Chase:Slate                       -30.67 USD
  Expenses:Food:Restaurant                          30.67 USD

2023-03-29 * "Farmer Fresh" "Buying groceries"
  Liabilities:US:Chase:Slate                      -121.95 USD
  Expenses:Food:Groceries                          121.95 USD

2023-04-02 * "Goba Goba" "Eating out with Joe"
  Liabilities:US:Chase:Slate                       -34.07 USD
  Expenses:Food:Restaurant                          34.07 USD

2023-04-03 * "Goba Goba" "Eating out with Bill"
  Liabilities:US:Chase:Slate                       -32.33 USD
  Expenses:Food:Restaurant                          32.33 USD

2023-04-06 * "Metro Transport Authority" "Tram tickets"
  Liabilities:US:Chase:Slate                      -120.00 USD
  Expenses:Transport:Tram                          120.00 USD

2023-04-07 balance Liabilities:US:Chase:Slate     -627.47 USD

2023-04-08 * "Jewel of Morroco" "Eating out with Joe"
  Liabilities:US:Chase:Slate                       -28.48 USD
  Expenses:Food:Restaurant                          28.48 USD

2023-04-09 * "Cafe Modagor" "Eating out with Julie"
  Liabilities:US:Chase:Slate                       -55.88 USD
  Expenses:Food:Restaurant                          55.88 USD

2023-04-10 * "Kin Soy" "Eating out with Bill"
  Liabilities:US:Chase:Slate                       -31.21 USD
  Expenses:Food:Restaurant                          31.21 USD

2023-04-10 * "Chase:Slate" "Paying off credit card"
  Liabilities:US:Chase:Slate                       743.04 USD
  Assets:US:BofA:Checking                         -743.04 USD

2023-04-14 * "Kin Soy" "Eating out after work"
  Liabilities:US:Chase:Slate                       -27.09 USD
  Expenses:Food:Restaurant                          27.09 USD

2023-04-15 * "Good Moods Market" "Buying groceries"
  Liabilities:US:Chase:Slate                       -69.24 USD
  Expenses:Food:Groceries                           69.24 USD

2023-04-19 * "Uncle Boons" "Eating out with Julie"
  Liabilities:US:Chase:Slate                       -33.32 USD
  Expenses:Food:Restaurant                          33.32 USD

2023-04-20 * "Chichipotle" "Eating out with Joe"
  Liabilities:US:Chase:Slate                       -24.27 USD
  Expenses:Food:Restaurant                          24.27 USD

2023-04-21 * "Uncle Boons" "Eating out alone"
  Liabilities:US:Chase:Slate                       -30.20 USD
  Expenses:Food:Restaurant                          30.20 USD

2023-04-26 * "Cafe Modagor" "Eating out with Julie"
  Liabilities:US:Chase:Slate                       -29.54 USD
  Expenses:Food:Restaurant                          29.54 USD

2023-05-01 * "Uncle Boons" "Eating out with work buddies"
  Liabilities:US:Chase:Slate                       -27.78 USD
  Expenses:Food:Restaurant                          27.78 USD

2023-05-02 * "Onion Market" "Buying groceries"
  Liabilities:US:Chase:Slate                      -141.89 USD
  Expenses:Food:Groceries                          141.89 USD

2023-05-03 * "Cafe Modagor" "Eating out with Julie"
  Liabilities:US:Chase:Slate                       -41.82 USD
  Expenses:Food:Restaurant                          41.82 USD

2023-05-04 balance Liabilities:US:Chase:Slate     -425.15 USD

2023-05-04 * "Uncle Boons" "Eating out after work"
  Liabilities:US:Chase:Slate                       -46.51 USD
  Expenses:Food:Restaurant                          46.51 USD

2023-05-04 * "Metro Transport Authority" "Tram tickets"
  Liabilities:US:Chase:Slate                      -120.00 USD
  Expenses:Transport:Tram                          120.00 USD

2023-05-06 * "Chichipotle" "Eating out with Joe"
  Liabilities:US:Chase:Slate                       -34.91 USD
  Expenses:Food:Restaurant                          34.91 USD

2023-05-07 * "Uncle Boons" "Eating out with Natasha"
  Liabilities:US:Chase:Slate                       -30.50 USD
  Expenses:Food:Restaurant                          30.50 USD

2023-05-07 * "Chase:Slate" "Paying off credit card"
  Liabilities:US:Chase:Slate                       657.07 USD
  Assets:US:BofA:Checking                         -657.07 USD

2023-05-11 * "Rose Flower" "Eating out with Bill"
  Liabilities:US:Chase:Slate                       -24.07 USD
  Expenses:Food:Restaurant                          24.07 USD

2023-05-13 * "Onion Market" "Buying groceries"
  Liabilities:US:Chase:Slate                       -83.15 USD
  Expenses:Food:Groceries                           83.15 USD

2023-05-16 * "Rose Flower" "Eating out with Julie"
  Liabilities:US:Chase:Slate                       -52.74 USD
  Expenses:Food:Restaurant                          52.74 USD

2023-05-20 * "Goba Goba" "Eating out alone"
  Liabilities:US:Chase:Slate                       -35.76 USD
  Expenses:Food:Restaurant                          35.76 USD

2023-05-23 * "Goba Goba" "Eating out after work"
  Liabilities:US:Chase:Slate                       -23.79 USD
  Expenses:Food:Restaurant                          23.79 USD

2023-05-27 * "Goba Goba" "Eating out with Joe"
  Liabilities:US:Chase:Slate                       -20.81 USD
  Expenses:Food:Restaurant                          20.81 USD

2023-05-28 * "Jewel of Morroco" "Eating out with Joe"
  Liabilities:US:Chase:Slate                       -24.09 USD
  Expenses:Food:Restaurant                          24.09 USD

2023-05-30 balance Liabilities:US:Chase:Slate     -264.41 USD

2023-05-31 * "Good Moods Market" "Buying groceries"
  Liabilities:US:Chase:Slate                       -53.64 USD
  Expenses:Food:Groceries                           53.64 USD

2023-06-02 * "Jewel of Morroco" "Eating out after work"
  Liabilities:US:Chase:Slate                       -43.41 USD
  Expenses:Food:Restaurant                          43.41 USD

2023-06-03 * "Metro Transport Authority" "Tram tickets"
  Liabilities:US:Chase:Slate                      -120.00 USD
  Expenses:Transport:Tram                          120.00 USD

2023-06-04 * "Rose Flower" "Eating out with Bill"
  Liabilities:US:Chase:Slate                       -25.12 USD
  Expenses:Food:Restaurant                          25.12 USD

2023-06-06 * "Cafe Modagor" "Eating out alone"
  Liabilities:US:Chase:Slate                       -35.41 USD
  Expenses:Food:Restaurant                          35.41 USD

2023-06-07 * "Chase:Slate" "Paying off credit card"
  Liabilities:US:Chase:Slate                       584.40 USD
  Assets:US:BofA:Checking                         -584.40 USD

2023-06-08 * "Jewel of Morroco" "Eating out "
  Liabilities:US:Chase:Slate                       -42.41 USD
  Expenses:Food:Restaurant                          42.41 USD

2023-06-12 * "Corner Deli" "Buying groceries"
  Liabilities:US:Chase:Slate                       -59.37 USD
  Expenses:Food:Groceries                           59.37 USD

2023-06-13 * "Jewel of Morroco" "Eating out with Natasha"
  Liabilities:US:Chase:Slate                       -62.84 USD
  Expenses:Food:Restaurant                          62.84 USD

2023-06-16 * "Rose Flower" "Eating out alone"
  Liabilities:US:Chase:Slate                       -20.37 USD
  Expenses:Food:Restaurant                          20.37 USD

2023-06-19 * "Kin Soy" "Eating out after work"
  Liabilities:US:Chase:Slate                       -55.42 USD
  Expenses:Food:Restaurant                          55.42 USD

2023-06-19 * "Corner Deli" "Buying groceries"
  Liabilities:US:Chase:Slate                       -74.74 USD
  Expenses:Food:Groceries                           74.74 USD

2023-06-21 * "Jewel of Morroco" "Eating out with Julie"
  Liabilities:US:Chase:Slate                       -18.22 USD
  Expenses:Food:Restaurant                          18.22 USD

2023-06-24 * "Cafe Modagor" "Eating out with Bill"
  Liabilities:US:Chase:Slate                       -46.57 USD
  Expenses:Food:Restaurant                          46.57 USD

2023-06-27 balance Liabilities:US:Chase:Slate     -337.53 USD

2023-06-28 * "Goba Goba" "Eating out with Bill"
  Liabilities:US:Chase:Slate                       -22.71 USD
  Expenses:Food:Restaurant                          22.71 USD

2023-06-29 * "Corner Deli" "Buying groceries"
  Liabilities:US:Chase:Slate                       -58.47 USD
  Expenses:Food:Groceries                           58.47 USD

2023-07-03 * "China Garden" "Eating out after work"
  Liabilities:US:Chase:Slate                       -25.53 USD
  Expenses:Food:Restaurant                          25.53 USD

2023-07-03 * "Metro Transport Authority" "Tram tickets"
  Liabilities:US:Chase:Slate                      -120.00 USD
  Expenses:Transport:Tram                          120.00 USD

2023-07-07 * "Jewel of Morroco" "Eating out with Bill"
  Liabilities:US:Chase:Slate                       -33.28 USD
  Expenses:Food:Restaurant                          33.28 USD

2023-07-08 * "Rose Flower" "Eating out after work"
  Liabilities:US:Chase:Slate                       -25.23 USD
  Expenses:Food:Restaurant                          25.23 USD

2023-07-08 * "Chase:Slate" "Paying off credit card"
  Liabilities:US:Chase:Slate                       622.75 USD
  Assets:US:BofA:Checking                         -622.75 USD

2023-07-10 * "Onion Market" "Buying groceries"
  Liabilities:US:Chase:Slate                       -49.01 USD
  Expenses:Food:Groceries                           49.01 USD

2023-07-12 * "Rose Flower" "Eating out alone"
  Liabilities:US:Chase:Slate                       -24.68 USD
  Expenses:Food:Restaurant                          24.68 USD

2023-07-16 * "Uncle Boons" "Eating out with work buddies"
  Liabilities:US:Chase:Slate                       -30.34 USD
  Expenses:Food:Restaurant                          30.34 USD

2023-07-16 * "Corner Deli" "Buying groceries"
  Liabilities:US:Chase:Slate                       -76.32 USD
  Expenses:Food:Groceries                           76.32 USD

2023-07-17 * "Chichipotle" "Eating out with Julie"
  Liabilities:US:Chase:Slate                       -16.42 USD
  Expenses:Food:Restaurant                          16.42 USD

2023-07-19 balance Liabilities:US:Chase:Slate     -196.77 USD

2023-07-19 * "Goba Goba" "Eating out alone"
  Liabilities:US:Chase:Slate                       -21.94 USD
  Expenses:Food:Restaurant                          21.94 USD

2023-07-24 * "China Garden" "Eating out with Julie"
  Liabilities:US:Chase:Slate                       -15.58 USD
  Expenses:Food:Restaurant                          15.58 USD

2023-07-28 * "Goba Goba" "Eating out with work buddies"
  Liabilities:US:Chase:Slate                       -22.31 USD
  Expenses:Food:Restaurant                          22.31 USD

2023-07-29 * "Corner Deli" "Buying groceries"
  Liabilities:US:Chase:Slate                      -134.49 USD
  Expenses:Food:Groceries                          134.49 USD

2023-08-01 * "China Garden" "Eating out "
  Liabilities:US:Chase:Slate                       -62.79 USD
  Expenses:Food:Restaurant                          62.79 USD

2023-08-03 * "Corner Deli" "Buying groceries"
  Liabilities:US:Chase:Slate                       -83.05 USD
  Expenses:Food:Groceries                           83.05 USD

2023-08-05 * "Metro Transport Authority" "Tram tickets"
  Liabilities:US:Chase:Slate                      -120.00 USD
  Expenses:Transport:Tram                          120.00 USD

2023-08-06 * "China Garden" "Eating out with Julie"
  Liabilities:US:Chase:Slate                       -22.40 USD
  Expenses:Food:Restaurant                          22.40 USD

2023-08-09 * "Cafe Modagor" "Eating out with Joe"
  Liabilities:US:Chase:Slate                       -17.39 USD
  Expenses:Food:Restaurant                          17.39 USD

2023-08-10 * "Chase:Slate" "Paying off credit card"
  Liabilities:US:Chase:Slate                       742.09 USD
  Assets:US:BofA:Checking                         -742.09 USD

2023-08-12 * "Good Moods Market" "Buying groceries"
  Liabilities:US:Chase:Slate                       -45.37 USD
  Expenses:Food:Groceries                           45.37 USD

2023-08-13 * "Goba Goba" "Eating out with work buddies"
  Liabilities:US:Chase:Slate                       -37.34 USD
  Expenses:Food:Restaurant                          37.34 USD

2023-08-17 * "Goba Goba" "Eating out with Joe"
  Liabilities:US:Chase:Slate                       -27.07 USD
  Expenses:Food:Restaurant                          27.07 USD

2023-08-18 balance Liabilities:US:Chase:Slate      -64.41 USD

2023-08-20 * "Rose Flower" "Eating out with Joe"
  Liabilities:US:Chase:Slate                       -31.00 USD
  Expenses:Food:Restaurant                          31.00 USD

2023-08-24 * "Uncle Boons" "Eating out with Bill"
  Liabilities:US:Chase:Slate                       -20.54 USD
  Expenses:Food:Restaurant                          20.54 USD

2023-08-25 * "Chichipotle" "Eating out with Joe"
  Liabilities:US:Chase:Slate                       -31.28 USD
  Expenses:Food:Restaurant                          31.28 USD

2023-08-29 * "Kin Soy" "Eating out with work buddies"
  Liabilities:US:Chase:Slate                       -42.24 USD
  Expenses:Food:Restaurant                          42.24 USD

2023-08-31 * "Rose Flower" "Eating out with Joe"
  Liabilities:US:Chase:Slate                       -37.53 USD
  Expenses:Food:Restaurant                          37.53 USD

2023-09-01 * "Goba Goba" "Eating out with work buddies"
  Liabilities:US:Chase:Slate                       -43.02 USD
  Expenses:Food:Restaurant                          43.02 USD

2023-09-01 * "Good Moods Market" "Buying groceries"
  Liabilities:US:Chase:Slate                       -63.62 USD
  Expenses:Food:Groceries                           63.62 USD

2023-09-01 * "Metro Transport Authority" "Tram tickets"
  Liabilities:US:Chase:Slate                      -120.00 USD
  Expenses:Transport:Tram                          120.00 USD

2023-09-05 * "Uncle Boons" "Eating out after work"
  Liabilities:US:Chase:Slate                       -10.96 USD
  Expenses:Food:Restaurant                          10.96 USD

2023-09-08 balance Liabilities:US:Chase:Slate     -464.60 USD

2023-09-08 * "Chase:Slate" "Paying off credit card"
  Liabilities:US:Chase:Slate                       515.11 USD
  Assets:US:BofA:Checking                         -515.11 USD

2023-09-10 * "Chichipotle" "Eating out with Natasha"
  Liabilities:US:Chase:Slate                       -50.51 USD
  Expenses:Food:Restaurant                          50.51 USD

2023-09-12 * "Onion Market" "Buying groceries"
  Liabilities:US:Chase:Slate                       -95.25 USD
  Expenses:Food:Groceries                           95.25 USD

2023-09-13 * "Kin Soy" "Eating out "
  Liabilities:US:Chase:Slate                       -25.70 USD
  Expenses:Food:Restaurant                          25.70 USD

2023-09-18 * "Rose Flower" "Eating out with Natasha"
  Liabilities:US:Chase:Slate                       -48.88 USD
  Expenses:Food:Restaurant                          48.88 USD

2023-09-20 * "Good Moods Market" "Buying groceries"
  Liabilities:US:Chase:Slate                       -80.77 USD
  Expenses:Food:Groceries                           80.77 USD

2023-09-23 * "Cafe Modagor" "Eating out with Julie"
  Liabilities:US:Chase:Slate                       -36.02 USD
  Expenses:Food:Restaurant                          36.02 USD

2023-09-24 * "Cafe Modagor" "Eating out with Joe"
  Liabilities:US:Chase:Slate                       -44.78 USD
  Expenses:Food:Restaurant                          44.78 USD

2023-09-26 * "Cafe Modagor" "Eating out after work"
  Liabilities:US:Chase:Slate                       -45.30 USD
  Expenses:Food:Restaurant                          45.30 USD

2023-09-29 balance Liabilities:US:Chase:Slate     -376.70 USD

2023-09-29 * "Uncle Boons" "Eating out with Bill"
  Liabilities:US:Chase:Slate                       -18.48 USD
  Expenses:Food:Restaurant                          18.48 USD

2023-09-30 * "Jewel of Morroco" "Eating out with Natasha"
  Liabilities:US:Chase:Slate                       -22.82 USD
  Expenses:Food:Restaurant                          22.82 USD

2023-10-01 * "Uncle Boons" "Eating out "
  Liabilities:US:Chase:Slate                       -20.11 USD
  Expenses:Food:Restaurant                          20.11 USD

2023-10-01 * "Corner Deli" "Buying groceries"
  Liabilities:US:Chase:Slate                       -93.81 USD
  Expenses:Food:Groceries                           93.81 USD

2023-10-01 * "Metro Transport Authority" "Tram tickets"
  Liabilities:US:Chase:Slate                      -120.00 USD
  Expenses:Transport:Tram                          120.00 USD

2023-10-06 * "Rose Flower" "Eating out with Joe"
  Liabilities:US:Chase:Slate                       -30.29 USD
  Expenses:Food:Restaurant                          30.29 USD

2023-10-08 * "Goba Goba" "Eating out with Natasha"
  Liabilities:US:Chase:Slate                       -25.44 USD
  Expenses:Food:Restaurant                          25.44 USD

2023-10-08 * "Chase:Slate" "Paying off credit card"
  Liabilities:US:Chase:Slate                       707.65 USD
  Assets:US:BofA:Checking                         -707.65 USD

2023-10-12 * "China Garden" "Eating out with Natasha"
  Liabilities:US:Chase:Slate                       -20.96 USD
  Expenses:Food:Restaurant                          20.96 USD

2023-10-14 * "Good Moods Market" "Buying groceries"
  Liabilities:US:Chase:Slate                       -88.69 USD
  Expenses:Food:Groceries                           88.69 USD

2023-10-17 * "Rose Flower" "Eating out alone"
  Liabilities:US:Chase:Slate                       -15.57 USD
  Expenses:Food:Restaurant                          15.57 USD

2023-10-22 * "Goba Goba" "Eating out with Natasha"
  Liabilities:US:Chase:Slate                       -31.47 USD
  Expenses:Food:Restaurant                          31.47 USD

2023-10-23 * "Good Moods Market" "Buying groceries"
  Liabilities:US:Chase:Slate                      -116.93 USD
  Expenses:Food:Groceries                          116.93 USD

2023-10-24 * "Kin Soy" "Eating out "
  Liabilities:US:Chase:Slate                       -50.41 USD
  Expenses:Food:Restaurant                          50.41 USD

2023-10-26 balance Liabilities:US:Chase:Slate     -324.03 USD

2023-10-28 * "Rose Flower" "Eating out after work"
  Liabilities:US:Chase:Slate                       -14.60 USD
  Expenses:Food:Restaurant                          14.60 USD

2023-10-31 * "Chichipotle" "Eating out "
  Liabilities:US:Chase:Slate                       -43.13 USD
  Expenses:Food:Restaurant                          43.13 USD

2023-10-31 * "Farmer Fresh" "Buying groceries"
  Liabilities:US:Chase:Slate                      -132.01 USD
  Expenses:Food:Groceries                          132.01 USD

2023-11-01 * "Metro Transport Authority" "Tram tickets"
  Liabilities:US:Chase:Slate                      -120.00 USD
  Expenses:Transport:Tram                          120.00 USD

2023-11-02 * "Chichipotle" "Eating out with Natasha"
  Liabilities:US:Chase:Slate                       -25.13 USD
  Expenses:Food:Restaurant                          25.13 USD

2023-11-03 * "Cafe Modagor" "Eating out "
  Liabilities:US:Chase:Slate                       -28.55 USD
  Expenses:Food:Restaurant                          28.55 USD

2023-11-04 * "Cafe Modagor" "Eating out "
  Liabilities:US:Chase:Slate                       -15.76 USD
  Expenses:Food:Restaurant                          15.76 USD

2023-11-08 * "Jewel of Morroco" "Eating out with work buddies"
  Liabilities:US:Chase:Slate                       -23.93 USD
  Expenses:Food:Restaurant                          23.93 USD

2023-11-11 * "Chase:Slate" "Paying off credit card"
  Liabilities:US:Chase:Slate                       747.15 USD
  Assets:US:BofA:Checking                         -747.15 USD

2023-11-13 * "Goba Goba" "Eating out with Natasha"
  Liabilities:US:Chase:Slate                       -20.01 USD
  Expenses:Food:Restaurant                          20.01 USD

2023-11-13 * "Good Moods Market" "Buying groceries"
  Liabilities:US:Chase:Slate                      -118.87 USD
  Expenses:Food:Groceries                          118.87 USD

2023-11-14 * "Cafe Modagor" "Eating out alone"
  Liabilities:US:Chase:Slate                       -22.46 USD
  Expenses:Food:Restaurant                          22.46 USD

2023-11-15 * "Cafe Modagor" "Eating out "
  Liabilities:US:Chase:Slate                       -36.33 USD
  Expenses:Food:Restaurant                          36.33 USD

2023-11-17 * "China Garden" "Eating out alone"
  Liabilities:US:Chase:Slate                       -51.65 USD
  Expenses:Food:Restaurant                          51.65 USD

2023-11-19 event "location" "San Francisco"

2023-11-21 * "Starbucks" "" #trip-san-francisco-2023
  Liabilities:US:Chase:Slate                        -6.01 USD
  Expenses:Food:Coffee                               6.01 USD

2023-11-22 * "Waterbar" "" #trip-san-francisco-2023
  Liabilities:US:Chase:Slate                       -54.70 USD
  Expenses:Food:Restaurant                          54.70 USD

2023-11-22 * "Mission Chinese Food" "" #trip-san-francisco-2023
  Liabilities:US:Chase:Slate                       -22.08 USD
  Expenses:Food:Restaurant                          22.08 USD

2023-11-25 balance Liabilities:US:Chase:Slate     -312.10 USD

2023-11-25 * "Waterbar" "" #trip-san-francisco-2023
  Liabilities:US:Chase:Slate                       -54.17 USD
  Expenses:Food:Restaurant                          54.17 USD

2023-11-27 * "Bar Crudo" "" #trip-san-francisco-2023
  Liabilities:US:Chase:Slate                       -61.80 USD
  Expenses:Food:Restaurant                          61.80 USD

2023-11-27 * "Starbucks" "" #trip-san-francisco-2023
  Liabilities:US:Chase:Slate                        -5.91 USD
  Expenses:Food:Coffee                               5.91 USD

2023-11-28 * "Pizza Delfina" "" #trip-san-francisco-2023
  Liabilities:US:Chase:Slate                       -23.06 USD
  Expenses:Food:Restaurant                          23.06 USD

2023-11-29 * "Pizza Delfina" "" #trip-san-francisco-2023
  Liabilities:US:Chase:Slate                       -19.37 USD
  Expenses:Food:Restaurant                          19.37 USD

2023-11-30 * "Bar Crudo" "" #trip-san-francisco-2023
  Liabilities:US:Chase:Slate                       -79.48 USD
  Expenses:Food:Restaurant                          79.48 USD

2023-11-30 * "Pizza Delfina" "" #trip-san-francisco-2023
  Liabilities:US:Chase:Slate                       -21.40 USD
  Expenses:Food:Restaurant                          21.40 USD

2023-12-01 * "Waterbar" "" #trip-san-francisco-2023
  Liabilities:US:Chase:Slate                       -52.16 USD
  Expenses:Food:Restaurant                          52.16 USD

2023-12-01 * "Mission Chinese Food" "" #trip-san-francisco-2023
  Liabilities:US:Chase:Slate                       -25.37 USD
  Expenses:Food:Restaurant                          25.37 USD

2023-12-02 * "Pizza Delfina" "" #trip-san-francisco-2023
  Liabilities:US:Chase:Slate                       -18.05 USD
  Expenses:Food:Restaurant                          18.05 USD

2023-12-02 * "Starbucks" "" #trip-san-francisco-2023
  Liabilities:US:Chase:Slate                        -6.19 USD
  Expenses:Food:Coffee                               6.19 USD

2023-12-04 * "Bar Crudo" "" #trip-san-francisco-2023
  Liabilities:US:Chase:Slate                       -56.63 USD
  Expenses:Food:Restaurant                          56.63 USD

2023-12-04 * "Pizza Delfina" "" #trip-san-francisco-2023
  Liabilities:US:Chase:Slate                       -18.19 USD
  Expenses:Food:Restaurant                          18.19 USD

2023-12-04 * "Mission Chinese Food" "" #trip-san-francisco-2023
  Liabilities:US:Chase:Slate                       -27.64 USD
  Expenses:Food:Restaurant                          27.64 USD

2023-12-05 * "Bar Crudo" "" #trip-san-francisco-2023
  Liabilities:US:Chase:Slate                       -70.27 USD
  Expenses:Food:Restaurant                          70.27 USD

2023-12-05 * "Mission Chinese Food" "" #trip-san-francisco-2023
  Liabilities:US:Chase:Slate                       -27.23 USD
  Expenses:Food:Restaurant                          27.23 USD

2023-12-06 * "Mission Chinese Food" "" #trip-san-francisco-2023
  Liabilities:US:Chase:Slate                       -29.05 USD
  Expenses:Food:Restaurant                          29.05 USD

2023-12-06 * "Starbucks" "" #trip-san-francisco-2023
  Liabilities:US:Chase:Slate                        -6.47 USD
  Expenses:Food:Coffee                               6.47 USD

2023-12-07 * "Chichipotle" "Eating out with Joe"
  Liabilities:US:Chase:Slate                       -22.89 USD
  Expenses:Food:Restaurant                          22.89 USD

2023-12-07 * "Pizza Delfina" "" #trip-san-francisco-2023
  Liabilities:US:Chase:Slate                       -21.58 USD
  Expenses:Food:Restaurant                          21.58 USD

2023-12-07 * "Consume vacation days"
  Assets:US:Hooli:Vacation                           -144 VACHR
  Expenses:Vacation                                   144 VACHR

2023-12-07 * "Chase:Slate" "Paying off credit card"
  Liabilities:US:Chase:Slate                       252.20 USD
  Assets:US:BofA:Checking                         -252.20 USD

2023-12-07 event "location" "New Metropolis"

2023-12-08 * "Corner Deli" "Buying groceries"
  Liabilities:US:Chase:Slate                       -71.66 USD
  Expenses:Food:Groceries                           71.66 USD

2023-12-11 * "Kin Soy" "Eating out with Joe"
  Liabilities:US:Chase:Slate                       -18.81 USD
  Expenses:Food:Restaurant                          18.81 USD

2023-12-13 * "Goba Goba" "Eating out after work"
  Liabilities:US:Chase:Slate                       -39.75 USD
  Expenses:Food:Restaurant                          39.75 USD

2023-12-14 * "Cafe Modagor" "Eating out with work buddies"
  Liabilities:US:Chase:Slate                       -19.55 USD
  Expenses:Food:Restaurant                          19.55 USD

2023-12-16 balance Liabilities:US:Chase:Slate     -856.58 USD

2023-12-17 * "Chichipotle" "Eating out with Bill"
  Liabilities:US:Chase:Slate                       -45.41 USD
  Expenses:Food:Restaurant                          45.41 USD

2023-12-18 * "Uncle Boons" "Eating out with Joe"
  Liabilities:US:Chase:Slate                       -79.27 USD
  Expenses:Food:Restaurant                          79.27 USD

2023-12-21 * "Cafe Modagor" "Eating out "
  Liabilities:US:Chase:Slate                       -26.33 USD
  Expenses:Food:Restaurant                          26.33 USD

2023-12-23 * "Corner Deli" "Buying groceries"
  Liabilities:US:Chase:Slate                       -98.90 USD
  Expenses:Food:Groceries                           98.90 USD

2023-12-24 * "Kin Soy" "Eating out "
  Liabilities:US:Chase:Slate                       -28.05 USD
  Expenses:Food:Restaurant                          28.05 USD

2023-12-27 * "Chichipotle" "Eating out with Natasha"
  Liabilities:US:Chase:Slate                       -46.86 USD
  Expenses:Food:Restaurant                          46.86 USD

2023-12-30 * "Goba Goba" "Eating out with work buddies"
  Liabilities:US:Chase:Slate                       -35.94 USD
  Expenses:Food:Restaurant                          35.94 USD

2023-12-31 * "Metro Transport Authority" "Tram tickets"
  Liabilities:US:Chase:Slate                      -120.00 USD
  Expenses:Transport:Tram                          120.00 USD

2024-01-03 * "Cafe Modagor" "Eating out alone"
  Liabilities:US:Chase:Slate                       -20.82 USD
  Expenses:Food:Restaurant                          20.82 USD

2024-01-07 * "Jewel of Morroco" "Eating out with Julie"
  Liabilities:US:Chase:Slate                       -30.30 USD
  Expenses:Food:Restaurant                          30.30 USD

2024-01-07 * "Chase:Slate" "Paying off credit card"
  Liabilities:US:Chase:Slate                       681.65 USD
  Assets:US:BofA:Checking                         -681.65 USD

2024-01-08 * "Kin Soy" "Eating out with work buddies"
  Liabilities:US:Chase:Slate                       -31.94 USD
  Expenses:Food:Restaurant                          31.94 USD

2024-01-09 * "Jewel of Morroco" "Eating out after work"
  Liabilities:US:Chase:Slate                       -13.07 USD
  Expenses:Food:Restaurant                          13.07 USD

2024-01-09 * "Good Moods Market" "Buying groceries"
  Liabilities:US:Chase:Slate                      -122.73 USD
  Expenses:Food:Groceries                          122.73 USD

2024-01-14 * "Kin Soy" "Eating out with work buddies"
  Liabilities:US:Chase:Slate                       -18.16 USD
  Expenses:Food:Restaurant                          18.16 USD

2024-01-15 balance Liabilities:US:Chase:Slate     -892.71 USD

2024-01-19 * "Jewel of Morroco" "Eating out with work buddies"
  Liabilities:US:Chase:Slate                       -19.38 USD
  Expenses:Food:Restaurant                          19.38 USD

2024-01-21 * "Chichipotle" "Eating out with Joe"
  Liabilities:US:Chase:Slate                       -25.53 USD
  Expenses:Food:Restaurant                          25.53 USD

2024-01-22 * "Kin Soy" "Eating out with Natasha"
  Liabilities:US:Chase:Slate                       -28.71 USD
  Expenses:Food:Restaurant                          28.71 USD

2024-01-25 * "Corner Deli" "Buying groceries"
  Liabilities:US:Chase:Slate                       -85.06 USD
  Expenses:Food:Groceries                           85.06 USD

2024-01-27 * "Jewel of Morroco" "Eating out alone"
  Liabilities:US:Chase:Slate                       -34.99 USD
  Expenses:Food:Restaurant                          34.99 USD

2024-01-30 * "Metro Transport Authority" "Tram tickets"
  Liabilities:US:Chase:Slate                      -120.00 USD
  Expenses:Transport:Tram                          120.00 USD

2024-02-01 * "Uncle Boons" "Eating out with Julie"
  Liabilities:US:Chase:Slate                       -18.33 USD
  Expenses:Food:Restaurant                          18.33 USD

2024-02-03 * "Kin Soy" "Eating out "
  Liabilities:US:Chase:Slate                       -37.50 USD
  Expenses:Food:Restaurant                          37.50 USD

2024-02-07 * "Jewel of Morroco" "Eating out alone"
  Liabilities:US:Chase:Slate                       -27.17 USD
  Expenses:Food:Restaurant                          27.17 USD

2024-02-08 * "Chase:Slate" "Paying off credit card"
  Liabilities:US:Chase:Slate                       640.83 USD
  Assets:US:BofA:Checking                         -640.83 USD

2024-02-09 * "Good Moods Market" "Buying groceries"
  Liabilities:US:Chase:Slate                       -58.26 USD
  Expenses:Food:Groceries                           58.26 USD

2024-02-10 * "Jewel of Morroco" "Eating out with Bill"
  Liabilities:US:Chase:Slate                       -26.15 USD
  Expenses:Food:Restaurant                          26.15 USD

2024-02-12 balance Liabilities:US:Chase:Slate     -732.96 USD

2024-02-14 * "Cafe Modagor" "Eating out with work buddies"
  Liabilities:US:Chase:Slate                       -28.72 USD
  Expenses:Food:Restaurant                          28.72 USD

2024-02-17 * "Uncle Boons" "Eating out with work buddies"
  Liabilities:US:Chase:Slate                       -25.57 USD
  Expenses:Food:Restaurant                          25.57 USD

2024-02-20 * "Cafe Modagor" "Eating out with Natasha"
  Liabilities:US:Chase:Slate                       -33.98 USD
  Expenses:Food:Restaurant                          33.98 USD

2024-02-21 * "Good Moods Market" "Buying groceries"
  Liabilities:US:Chase:Slate                       -87.54 USD
  Expenses:Food:Groceries                           87.54 USD

2024-02-24 * "Jewel of Morroco" "Eating out with Julie"
  Liabilities:US:Chase:Slate                       -21.76 USD
  Expenses:Food:Restaurant                          21.76 USD

2024-02-28 * "Goba Goba" "Eating out after work"
  Liabilities:US:Chase:Slate                       -36.65 USD
  Expenses:Food:Restaurant                          36.65 USD

2024-03-01 * "Uncle Boons" "Eating out with work buddies"
  Liabilities:US:Chase:Slate                       -23.06 USD
  Expenses:Food:Restaurant                          23.06 USD

2024-03-02 * "Kin Soy" "Eating out with Julie"
  Liabilities:US:Chase:Slate                       -40.20 USD
  Expenses:Food:Restaurant                          40.20 USD

2024-03-02 * "Metro Transport Authority" "Tram tickets"
  Liabilities:US:Chase:Slate                      -120.00 USD
  Expenses:Transport:Tram                          120.00 USD

2024-03-05 * "Goba Goba" "Eating out with Joe"
  Liabilities:US:Chase:Slate                       -13.89 USD
  Expenses:Food:Restaurant                          13.89 USD

2024-03-08 balance Liabilities:US:Chase:Slate    -1164.33 USD

2024-03-08 * "Cafe Modagor" "Eating out with Natasha"
  Liabilities:US:Chase:Slate                       -39.25 USD
  Expenses:Food:Restaurant                          39.25 USD

2024-03-09 * "Corner Deli" "Buying groceries"
  Liabilities:US:Chase:Slate                       -87.90 USD
  Expenses:Food:Groceries                           87.90 USD

2024-03-10 * "Chase:Slate" "Paying off credit card"
  Liabilities:US:Chase:Slate                       632.81 USD
  Assets:US:BofA:Checking                         -632.81 USD

2024-03-11 * "Uncle Boons" "Eating out alone"
  Liabilities:US:Chase:Slate                       -48.14 USD
  Expenses:Food:Restaurant                          48.14 USD

2024-03-13 * "Cafe Modagor" "Eating out alone"
  Liabilities:US:Chase:Slate                       -22.41 USD
  Expenses:Food:Restaurant                          22.41 USD

2024-03-14 * "Corner Deli" "Buying groceries"
  Liabilities:US:Chase:Slate                      -105.55 USD
  Expenses:Food:Groceries                          105.55 USD

2024-03-17 * "Chichipotle" "Eating out with Natasha"
  Liabilities:US:Chase:Slate                       -21.34 USD
  Expenses:Food:Restaurant                          21.34 USD

2024-03-19 * "Goba Goba" "Eating out "
  Liabilities:US:Chase:Slate                       -18.64 USD
  Expenses:Food:Restaurant                          18.64 USD

2024-03-23 * "Kin Soy" "Eating out "
  Liabilities:US:Chase:Slate                       -31.07 USD
  Expenses:Food:Restaurant                          31.07 USD

2024-03-25 * "China Garden" "Eating out alone"
  Liabilities:US:Chase:Slate                       -15.88 USD
  Expenses:Food:Restaurant                          15.88 USD

2024-03-27 * "Jewel of Morroco" "Eating out alone"
  Liabilities:US:Chase:Slate                       -37.66 USD
  Expenses:Food:Restaurant                          37.66 USD

2024-03-30 * "Corner Deli" "Buying groceries"
  Liabilities:US:Chase:Slate                       -58.62 USD
  Expenses:Food:Groceries                           58.62 USD

2024-04-01 * "Cafe Modagor" "Eating out with Natasha"
  Liabilities:US:Chase:Slate                       -16.55 USD
  Expenses:Food:Restaurant                          16.55 USD

2024-04-02 * "Metro Transport Authority" "Tram tickets"
  Liabilities:US:Chase:Slate                      -120.00 USD
  Expenses:Transport:Tram                          120.00 USD

2024-04-03 * "Cafe Modagor" "Eating out after work"
  Liabilities:US:Chase:Slate                       -18.17 USD
  Expenses:Food:Restaurant                          18.17 USD

2024-04-06 balance Liabilities:US:Chase:Slate    -1172.70 USD

2024-04-08 * "Chichipotle" "Eating out with Joe"
  Liabilities:US:Chase:Slate                       -26.75 USD
  Expenses:Food:Restaurant                          26.75 USD

2024-04-11 * "Chase:Slate" "Paying off credit card"
  Liabilities:US:Chase:Slate                       509.50 USD
  Assets:US:BofA:Checking                         -509.50 USD

2024-04-13 * "Chichipotle" "Eating out with Natasha"
  Liabilities:US:Chase:Slate                       -16.86 USD
  Expenses:Food:Restaurant                          16.86 USD

2024-04-14 * "Cafe Modagor" "Eating out with Natasha"
  Liabilities:US:Chase:Slate                       -35.41 USD
  Expenses:Food:Restaurant                          35.41 USD

2024-04-14 * "Farmer Fresh" "Buying groceries"
  Liabilities:US:Chase:Slate                      -121.71 USD
  Expenses:Food:Groceries                          121.71 USD

2024-04-18 * "Uncle Boons" "Eating out "
  Liabilities:US:Chase:Slate                       -79.69 USD
  Expenses:Food:Restaurant                          79.69 USD

2024-04-20 * "Kin Soy" "Eating out with Joe"
  Liabilities:US:Chase:Slate                       -59.35 USD
  Expenses:Food:Restaurant                          59.35 USD

2024-04-23 * "Jewel of Morroco" "Eating out "
  Liabilities:US:Chase:Slate                       -34.24 USD
  Expenses:Food:Restaurant                          34.24 USD

2024-04-24 * "Rose Flower" "Eating out alone"
  Liabilities:US:Chase:Slate                       -31.39 USD
  Expenses:Food:Restaurant                          31.39 USD

2024-04-25 * "Rose Flower" "Eating out with Julie"
  Liabilities:US:Chase:Slate                       -23.32 USD
  Expenses:Food:Restaurant                          23.32 USD

2024-04-30 * "Kin Soy" "Eating out with Natasha"
  Liabilities:US:Chase:Slate                       -50.72 USD
  Expenses:Food:Restaurant                          50.72 USD

2024-05-01 * "Corner Deli" "Buying groceries"
  Liabilities:US:Chase:Slate                       -63.71 USD
  Expenses:Food:Groceries                           63.71 USD

2024-05-02 * "Metro Transport Authority" "Tram tickets"
  Liabilities:US:Chase:Slate                      -120.00 USD
  Expenses:Transport:Tram                          120.00 USD

2024-05-03 * "Chichipotle" "Eating out with Joe"
  Liabilities:US:Chase:Slate                       -42.31 USD
  Expenses:Food:Restaurant                          42.31 USD

2024-05-04 balance Liabilities:US:Chase:Slate    -1368.66 USD

2024-05-04 * "Kin Soy" "Eating out with work buddies"
  Liabilities:US:Chase:Slate                       -13.80 USD
  Expenses:Food:Restaurant                          13.80 USD

2024-05-09 * "Cafe Modagor" "Eating out with Natasha"
  Liabilities:US:Chase:Slate                       -16.84 USD
  Expenses:Food:Restaurant                          16.84 USD

2024-05-09 * "Chase:Slate" "Paying off credit card"
  Liabilities:US:Chase:Slate                       692.49 USD
  Assets:US:BofA:Checking                         -692.49 USD

2024-05-12 * "Chichipotle" "Eating out with Julie"
  Liabilities:US:Chase:Slate                       -32.64 USD
  Expenses:Food:Restaurant                          32.64 USD

2024-05-17 * "Cafe Modagor" "Eating out with Natasha"
  Liabilities:US:Chase:Slate                       -24.51 USD
  Expenses:Food:Restaurant                          24.51 USD

2024-05-18 * "Onion Market" "Buying groceries"
  Liabilities:US:Chase:Slate                       -47.53 USD
  Expenses:Food:Groceries                           47.53 USD

2024-05-19 * "Jewel of Morroco" "Eating out after work"
  Liabilities:US:Chase:Slate                       -33.53 USD
  Expenses:Food:Restaurant                          33.53 USD

2024-05-24 * "Kin Soy" "Eating out alone"
  Liabilities:US:Chase:Slate                       -33.23 USD
  Expenses:Food:Restaurant                          33.23 USD

2024-05-25 * "Rose Flower" "Eating out with Julie"
  Liabilities:US:Chase:Slate                       -56.18 USD
  Expenses:Food:Restaurant                          56.18 USD

2024-05-29 balance Liabilities:US:Chase:Slate     -934.43 USD

2024-05-29 * "Chichipotle" "Eating out after work"
  Liabilities:US:Chase:Slate                       -26.51 USD
  Expenses:Food:Restaurant                          26.51 USD

2024-06-03 * "Goba Goba" "Eating out "
  Liabilities:US:Chase:Slate                       -46.23 USD
  Expenses:Food:Restaurant                          46.23 USD

2024-06-03 * "Farmer Fresh" "Buying groceries"
  Liabilities:US:Chase:Slate                       -77.47 USD
  Expenses:Food:Groceries                           77.47 USD

2024-06-04 * "Jewel of Morroco" "Eating out with Natasha"
  Liabilities:US:Chase:Slate                       -34.09 USD
  Expenses:Food:Restaurant                          34.09 USD

2024-06-04 * "Metro Transport Authority" "Tram tickets"
  Liabilities:US:Chase:Slate                      -120.00 USD
  Expenses:Transport:Tram                          120.00 USD

2024-06-07 * "Cafe Modagor" "Eating out with Joe"
  Liabilities:US:Chase:Slate                       -27.05 USD
  Expenses:Food:Restaurant                          27.05 USD

2024-06-08 * "Chichipotle" "Eating out with Bill"
  Liabilities:US:Chase:Slate                       -52.36 USD
  Expenses:Food:Restaurant                          52.36 USD

2024-06-08 * "Chase:Slate" "Paying off credit card"
  Liabilities:US:Chase:Slate                       611.33 USD
  Assets:US:BofA:Checking                         -611.33 USD

2024-06-10 * "Jewel of Morroco" "Eating out "
  Liabilities:US:Chase:Slate                       -42.99 USD
  Expenses:Food:Restaurant                          42.99 USD

2024-06-12 * "Goba Goba" "Eating out "
  Liabilities:US:Chase:Slate                       -25.47 USD
  Expenses:Food:Restaurant                          25.47 USD

2024-06-15 * "Goba Goba" "Eating out alone"
  Liabilities:US:Chase:Slate                       -28.34 USD
  Expenses:Food:Restaurant                          28.34 USD

2024-06-17 * "Rose Flower" "Eating out with Joe"
  Liabilities:US:Chase:Slate                       -29.69 USD
  Expenses:Food:Restaurant                          29.69 USD

2024-06-18 * "Jewel of Morroco" "Eating out with work buddies"
  Liabilities:US:Chase:Slate                       -42.71 USD
  Expenses:Food:Restaurant                          42.71 USD

2024-06-19 * "Chichipotle" "Eating out with Bill"
  Liabilities:US:Chase:Slate                       -70.42 USD
  Expenses:Food:Restaurant                          70.42 USD

2024-06-22 * "Chichipotle" "Eating out with Joe"
  Liabilities:US:Chase:Slate                       -53.63 USD
  Expenses:Food:Restaurant                          53.63 USD

2024-06-22 * "Onion Market" "Buying groceries"
  Liabilities:US:Chase:Slate                       -95.88 USD
  Expenses:Food:Groceries                           95.88 USD

2024-06-25 * "Goba Goba" "Eating out "
  Liabilities:US:Chase:Slate                       -27.22 USD
  Expenses:Food:Restaurant                          27.22 USD

2024-06-26 balance Liabilities:US:Chase:Slate    -1123.16 USD

2024-06-27 * "Kin Soy" "Eating out with work buddies"
  Liabilities:US:Chase:Slate                       -31.62 USD
  Expenses:Food:Restaurant                          31.62 USD

2024-07-01 * "Chichipotle" "Eating out after work"
  Liabilities:US:Chase:Slate                       -21.26 USD
  Expenses:Food:Restaurant                          21.26 USD

2024-07-05 * "Jewel of Morroco" "Eating out "
  Liabilities:US:Chase:Slate                       -48.90 USD
  Expenses:Food:Restaurant                          48.90 USD

2024-07-05 * "Metro Transport Authority" "Tram tickets"
  Liabilities:US:Chase:Slate                      -120.00 USD
  Expenses:Transport:Tram                          120.00 USD

2024-07-06 * "China Garden" "Eating out "
  Liabilities:US:Chase:Slate                       -27.77 USD
  Expenses:Food:Restaurant                          27.77 USD

2024-07-07 * "Good Moods Market" "Buying groceries"
  Liabilities:US:Chase:Slate                       -46.03 USD
  Expenses:Food:Groceries                           46.03 USD

2024-07-09 * "Goba Goba" "Eating out with Bill"
  Liabilities:US:Chase:Slate                       -27.61 USD
  Expenses:Food:Restaurant                          27.61 USD

2024-07-09 * "Chase:Slate" "Paying off credit card"
  Liabilities:US:Chase:Slate                       739.54 USD
  Assets:US:BofA:Checking                         -739.54 USD

2024-07-12 * "Jewel of Morroco" "Eating out with Julie"
  Liabilities:US:Chase:Slate                       -17.00 USD
  Expenses:Food:Restaurant                          17.00 USD

2024-07-17 * "China Garden" "Eating out alone"
  Liabilities:US:Chase:Slate                       -22.61 USD
  Expenses:Food:Restaurant                          22.61 USD

2024-07-18 * "Good Moods Market" "Buying groceries"
  Liabilities:US:Chase:Slate                       -84.91 USD
  Expenses:Food:Groceries                           84.91 USD

2024-07-19 balance Liabilities:US:Chase:Slate     -831.33 USD

2024-07-20 * "Cafe Modagor" "Eating out with work buddies"
  Liabilities:US:Chase:Slate                       -24.52 USD
  Expenses:Food:Restaurant                          24.52 USD

2024-07-24 * "Rose Flower" "Eating out with Natasha"
  Liabilities:US:Chase:Slate                       -15.54 USD
  Expenses:Food:Restaurant                          15.54 USD

2024-07-26 * "Cafe Modagor" "Eating out "
  Liabilities:US:Chase:Slate                       -55.43 USD
  Expenses:Food:Restaurant                          55.43 USD

2024-07-30 * "Cafe Modagor" "Eating out with Natasha"
  Liabilities:US:Chase:Slate                       -24.19 USD
  Expenses:Food:Restaurant                          24.19 USD

2024-08-02 * "Chichipotle" "Eating out "
  Liabilities:US:Chase:Slate                       -39.44 USD
  Expenses:Food:Restaurant                          39.44 USD

2024-08-03 * "Kin Soy" "Eating out with Julie"
  Liabilities:US:Chase:Slate                       -40.94 USD
  Expenses:Food:Restaurant                          40.94 USD

2024-08-06 * "Onion Market" "Buying groceries"
  Liabilities:US:Chase:Slate                      -116.78 USD
  Expenses:Food:Groceries                          116.78 USD

2024-08-07 * "Metro Transport Authority" "Tram tickets"
  Liabilities:US:Chase:Slate                      -120.00 USD
  Expenses:Transport:Tram                          120.00 USD

2024-08-07 * "Chase:Slate" "Paying off credit card"
  Liabilities:US:Chase:Slate                       561.36 USD
  Assets:US:BofA:Checking                         -561.36 USD

2024-08-08 * "Kin Soy" "Eating out after work"
  Liabilities:US:Chase:Slate                       -36.36 USD
  Expenses:Food:Restaurant                          36.36 USD

2024-08-11 * "Farmer Fresh" "Buying groceries"
  Liabilities:US:Chase:Slate                       -69.52 USD
  Expenses:Food:Groceries                           69.52 USD

2024-08-13 * "China Garden" "Eating out with Julie"
  Liabilities:US:Chase:Slate                       -46.29 USD
  Expenses:Food:Restaurant                          46.29 USD

2024-08-14 * "Jewel of Morroco" "Eating out with work buddies"
  Liabilities:US:Chase:Slate                       -27.81 USD
  Expenses:Food:Restaurant                          27.81 USD

2024-08-16 balance Liabilities:US:Chase:Slate     -886.79 USD

2024-08-19 * "China Garden" "Eating out with Julie"
  Liabilities:US:Chase:Slate                       -31.52 USD
  Expenses:Food:Restaurant                          31.52 USD

2024-08-20 * "Rose Flower" "Eating out with Natasha"
  Liabilities:US:Chase:Slate                       -43.58 USD
  Expenses:Food:Restaurant                          43.58 USD

2024-08-25 * "Kin Soy" "Eating out with Julie"
  Liabilities:US:Chase:Slate                       -22.91 USD
  Expenses:Food:Restaurant                          22.91 USD

2024-08-27 * "Good Moods Market" "Buying groceries"
  Liabilities:US:Chase:Slate                       -96.50 USD
  Expenses:Food:Groceries                           96.50 USD

2024-08-29 * "Rose Flower" "Eating out "
  Liabilities:US:Chase:Slate                       -34.84 USD
  Expenses:Food:Restaurant                          34.84 USD

2024-09-01 * "Goba Goba" "Eating out with Joe"
  Liabilities:US:Chase:Slate                       -46.40 USD
  Expenses:Food:Restaurant                          46.40 USD

2024-09-04 * "Metro Transport Authority" "Tram tickets"
  Liabilities:US:Chase:Slate                      -120.00 USD
  Expenses:Transport:Tram                          120.00 USD

2024-09-05 * "Chichipotle" "Eating out with Julie"
  Liabilities:US:Chase:Slate                       -43.26 USD
  Expenses:Food:Restaurant                          43.26 USD

2024-09-06 * "Cafe Modagor" "Eating out alone"
  Liabilities:US:Chase:Slate                       -32.59 USD
  Expenses:Food:Restaurant                          32.59 USD

2024-09-08 * "Cafe Modagor" "Eating out with Natasha"
  Liabilities:US:Chase:Slate                       -29.16 USD
  Expenses:Food:Restaurant                          29.16 USD

2024-09-11 * "Uncle Boons" "Eating out with work buddies"
  Liabilities:US:Chase:Slate                       -34.60 USD
  Expenses:Food:Restaurant                          34.60 USD

2024-09-11 * "Chase:Slate" "Paying off credit card"
  Liabilities:US:Chase:Slate                       715.34 USD
  Assets:US:BofA:Checking                         -715.34 USD

2024-09-12 balance Liabilities:US:Chase:Slate     -706.81 USD

2024-09-15 * "Rose Flower" "Eating out "
  Liabilities:US:Chase:Slate                       -16.85 USD
  Expenses:Food:Restaurant                          16.85 USD

2024-09-16 * "Onion Market" "Buying groceries"
  Liabilities:US:Chase:Slate                       -97.10 USD
  Expenses:Food:Groceries                           97.10 USD

2024-09-19 event "location" "Chicago"

2024-09-20 * "Mercadito" "" #trip-chicago-2024
  Liabilities:US:Chase:Slate                       -38.78 USD
  Expenses:Food:Restaurant                          38.78 USD

2024-09-20 * "Argo Tea" "" #trip-chicago-2024
  Liabilities:US:Chase:Slate                        -5.26 USD
  Expenses:Food:Coffee                               5.26 USD

2024-09-21 * "Star of Siam" "" #trip-chicago-2024
  Liabilities:US:Chase:Slate                       -23.65 USD
  Expenses:Food:Restaurant                          23.65 USD

2024-09-21 * "Another Sports Pub" "" #trip-chicago-2024
  Liabilities:US:Chase:Slate                       -11.94 USD
  Expenses:Food:Alcohol                             11.94 USD

2024-09-22 * "Argo Tea" "" #trip-chicago-2024
  Liabilities:US:Chase:Slate                        -5.44 USD
  Expenses:Food:Coffee                               5.44 USD

2024-09-24 * "Star of Siam" "" #trip-chicago-2024
  Liabilities:US:Chase:Slate                       -24.18 USD
  Expenses:Food:Restaurant                          24.18 USD

2024-09-24 * "Eataly Chicago" "" #trip-chicago-2024
  Liabilities:US:Chase:Slate                       -28.85 USD
  Expenses:Food:Restaurant                          28.85 USD

2024-09-24 * "Another Sports Pub" "" #trip-chicago-2024
  Liabilities:US:Chase:Slate                       -13.46 USD
  Expenses:Food:Alcohol                             13.46 USD

2024-09-24 * "Argo Tea" "" #trip-chicago-2024
  Liabilities:US:Chase:Slate                        -5.80 USD
  Expenses:Food:Coffee                               5.80 USD

2024-09-25 * "Star of Siam" "" #trip-chicago-2024
  Liabilities:US:Chase:Slate                       -29.69 USD
  Expenses:Food:Restaurant                          29.69 USD

2024-09-25 * "25 Degrees Burger Bar" "" #trip-chicago-2024
  Liabilities:US:Chase:Slate                       -23.95 USD
  Expenses:Food:Restaurant                          23.95 USD

2024-09-25 * "Another Sports Pub" "" #trip-chicago-2024
  Liabilities:US:Chase:Slate                       -13.89 USD
  Expenses:Food:Alcohol                             13.89 USD

2024-09-27 * "Star of Siam" "" #trip-chicago-2024
  Liabilities:US:Chase:Slate                       -26.45 USD
  Expenses:Food:Restaurant                          26.45 USD

2024-09-27 * "Argo Tea" "" #trip-chicago-2024
  Liabilities:US:Chase:Slate                        -5.91 USD
  Expenses:Food:Coffee                               5.91 USD

2024-09-28 * "Corner Deli" "Buying groceries"
  Liabilities:US:Chase:Slate                       -58.79 USD
  Expenses:Food:Groceries                           58.79 USD

2024-09-28 * "Star of Siam" "" #trip-chicago-2024
  Liabilities:US:Chase:Slate                       -22.81 USD
  Expenses:Food:Restaurant                          22.81 USD

2024-09-28 * "25 Degrees Burger Bar" "" #trip-chicago-2024
  Liabilities:US:Chase:Slate                       -21.65 USD
  Expenses:Food:Restaurant                          21.65 USD

2024-09-28 * "Eataly Chicago" "" #trip-chicago-2024
  Liabilities:US:Chase:Slate                       -34.72 USD
  Expenses:Food:Restaurant                          34.72 USD

2024-09-28 * "Another Sports Pub" "" #trip-chicago-2024
  Liabilities:US:Chase:Slate                        -7.85 USD
  Expenses:Food:Alcohol                              7.85 USD

2024-09-28 * "Consume vacation days"
  Assets:US:Hooli:Vacation                            -72 VACHR
  Expenses:Vacation                                    72 VACHR

2024-09-28 event "location" "New Metropolis"

2024-09-30 * "Kin Soy" "Eating out after work"
  Liabilities:US:Chase:Slate                       -25.95 USD
  Expenses:Food:Restaurant                          25.95 USD

2024-10-01 * "Cafe Modagor" "Eating out with work buddies"
  Liabilities:US:Chase:Slate                       -19.72 USD
  Expenses:Food:Restaurant                          19.72 USD

2024-10-02 balance Liabilities:US:Chase:Slate    -1269.50 USD

2024-10-04 * "Cafe Modagor" "Eating out after work"
  Liabilities:US:Chase:Slate                       -18.91 USD
  Expenses:Food:Restaurant                          18.91 USD

2024-10-05 * "Metro Transport Authority" "Tram tickets"
  Liabilities:US:Chase:Slate                      -120.00 USD
  Expenses:Transport:Tram                          120.00 USD

2024-10-07 * "Onion Market" "Buying groceries"
  Liabilities:US:Chase:Slate                       -77.73 USD
  Expenses:Food:Groceries                           77.73 USD

2024-10-07 * "Chase:Slate" "Paying off credit card"
  Liabilities:US:Chase:Slate                       435.05 USD
  Assets:US:BofA:Checking                         -435.05 USD

2024-10-09 * "Jewel of Morroco" "Eating out with Julie"
  Liabilities:US:Chase:Slate                       -28.33 USD
  Expenses:Food:Restaurant                          28.33 USD

2024-10-12 * "Farmer Fresh" "Buying groceries"
  Liabilities:US:Chase:Slate                       -43.14 USD
  Expenses:Food:Groceries                           43.14 USD

2024-10-13 * "Goba Goba" "Eating out "
  Liabilities:US:Chase:Slate                       -23.20 USD
  Expenses:Food:Restaurant                          23.20 USD

2024-10-17 * "Chichipotle" "Eating out alone"
  Liabilities:US:Chase:Slate                       -29.30 USD
  Expenses:Food:Restaurant                          29.30 USD

2024-10-18 * "Good Moods Market" "Buying groceries"
  Liabilities:US:Chase:Slate                       -92.20 USD
  Expenses:Food:Groceries                           92.20 USD

2024-10-21 * "Cafe Modagor" "Eating out with Bill"
  Liabilities:US:Chase:Slate                       -53.73 USD
  Expenses:Food:Restaurant                          53.73 USD

2024-10-24 * "Uncle Boons" "Eating out alone"
  Liabilities:US:Chase:Slate                       -35.31 USD
  Expenses:Food:Restaurant                          35.31 USD

2024-10-27 * "China Garden" "Eating out with Joe"
  Liabilities:US:Chase:Slate                       -24.36 USD
  Expenses:Food:Restaurant                          24.36 USD

2024-10-29 * "China Garden" "Eating out with Bill"
  Liabilities:US:Chase:Slate                       -52.27 USD
  Expenses:Food:Restaurant                          52.27 USD

2024-10-31 * "Farmer Fresh" "Buying groceries"
  Liabilities:US:Chase:Slate                       -65.02 USD
  Expenses:Food:Groceries                           65.02 USD

2024-11-01 balance Liabilities:US:Chase:Slate    -1497.95 USD

2024-11-01 * "Goba Goba" "Eating out with Bill"
  Liabilities:US:Chase:Slate                       -26.61 USD
  Expenses:Food:Restaurant                          26.61 USD

2024-11-01 * "Metro Transport Authority" "Tram tickets"
  Liabilities:US:Chase:Slate                      -120.00 USD
  Expenses:Transport:Tram                          120.00 USD

2024-11-05 * "Cafe Modagor" "Eating out with work buddies"
  Liabilities:US:Chase:Slate                       -35.54 USD
  Expenses:Food:Restaurant                          35.54 USD

2024-11-07 * "China Garden" "Eating out "
  Liabilities:US:Chase:Slate                       -19.13 USD
  Expenses:Food:Restaurant                          19.13 USD

2024-11-08 * "Cafe Modagor" "Eating out with work buddies"
  Liabilities:US:Chase:Slate                       -20.14 USD
  Expenses:Food:Restaurant                          20.14 USD

2024-11-09 * "Chase:Slate" "Paying off credit card"
  Liabilities:US:Chase:Slate                       691.04 USD
  Assets:US:BofA:Checking                         -691.04 USD

2024-11-12 * "Goba Goba" "Eating out after work"
  Liabilities:US:Chase:Slate                       -22.76 USD
  Expenses:Food:Restaurant                          22.76 USD

2024-11-16 * "Good Moods Market" "Buying groceries"
  Liabilities:US:Chase:Slate                       -59.58 USD
  Expenses:Food:Groceries                           59.58 USD

2024-11-17 * "Kin Soy" "Eating out after work"
  Liabilities:US:Chase:Slate                       -26.84 USD
  Expenses:Food:Restaurant                          26.84 USD

2024-11-19 * "Goba Goba" "Eating out after work"
  Liabilities:US:Chase:Slate                       -63.55 USD
  Expenses:Food:Restaurant                          63.55 USD

2024-11-21 * "Rose Flower" "Eating out with Julie"
  Liabilities:US:Chase:Slate                       -41.93 USD
  Expenses:Food:Restaurant                          41.93 USD

2024-11-21 * "Onion Market" "Buying groceries"
  Liabilities:US:Chase:Slate                       -70.88 USD
  Expenses:Food:Groceries                           70.88 USD

2024-11-22 * "China Garden" "Eating out "
  Liabilities:US:Chase:Slate                       -51.20 USD
  Expenses:Food:Restaurant                          51.20 USD

2024-11-24 * "Jewel of Morroco" "Eating out with work buddies"
  Liabilities:US:Chase:Slate                       -45.79 USD
  Expenses:Food:Restaurant                          45.79 USD

2024-11-26 balance Liabilities:US:Chase:Slate    -1410.86 USD

2024-11-27 * "Corner Deli" "Buying groceries"
  Liabilities:US:Chase:Slate                       -52.46 USD
  Expenses:Food:Groceries                           52.46 USD

2024-11-28 * "China Garden" "Eating out with Julie"
  Liabilities:US:Chase:Slate                       -14.93 USD
  Expenses:Food:Restaurant                          14.93 USD

2024-12-03 * "China Garden" "Eating out "
  Liabilities:US:Chase:Slate                       -28.30 USD
  Expenses:Food:Restaurant                          28.30 USD

2024-12-04 * "Metro Transport Authority" "Tram tickets"
  Liabilities:US:Chase:Slate                      -120.00 USD
  Expenses:Transport:Tram                          120.00 USD

2024-12-07 * "Cafe Modagor" "Eating out with Bill"
  Liabilities:US:Chase:Slate                       -15.52 USD
  Expenses:Food:Restaurant                          15.52 USD

2024-12-08 * "Chichipotle" "Eating out with Julie"
  Liabilities:US:Chase:Slate                       -20.10 USD
  Expenses:Food:Restaurant                          20.10 USD

2024-12-09 * "Good Moods Market" "Buying groceries"
  Liabilities:US:Chase:Slate                       -90.63 USD
  Expenses:Food:Groceries                           90.63 USD

2024-12-09 * "Chase:Slate" "Paying off credit card"
  Liabilities:US:Chase:Slate                       701.71 USD
  Assets:US:BofA:Checking                         -701.71 USD

2024-12-11 * "China Garden" "Eating out with Bill"
  Liabilities:US:Chase:Slate                       -28.82 USD
  Expenses:Food:Restaurant                          28.82 USD

2024-12-13 * "Goba Goba" "Eating out with Joe"
  Liabilities:US:Chase:Slate                       -38.78 USD
  Expenses:Food:Restaurant                          38.78 USD

2024-12-17 * "Good Moods Market" "Buying groceries"
  Liabilities:US:Chase:Slate                       -53.16 USD
  Expenses:Food:Groceries                           53.16 USD

2024-12-18 * "Chichipotle" "Eating out with Natasha"
  Liabilities:US:Chase:Slate                       -13.14 USD
  Expenses:Food:Restaurant                          13.14 USD

2024-12-21 * "Jewel of Morroco" "Eating out with Julie"
  Liabilities:US:Chase:Slate                       -28.19 USD
  Expenses:Food:Restaurant                          28.19 USD

2024-12-22 * "Chichipotle" "Eating out "
  Liabilities:US:Chase:Slate                       -56.04 USD
  Expenses:Food:Restaurant                          56.04 USD

2024-12-25 * "Uncle Boons" "Eating out with work buddies"
  Liabilities:US:Chase:Slate                       -48.38 USD
  Expenses:Food:Restaurant                          48.38 USD

2024-12-26 balance Liabilities:US:Chase:Slate    -1317.60 USD

2024-12-28 * "Uncle Boons" "Eating out with Natasha"
  Liabilities:US:Chase:Slate                       -27.13 USD
  Expenses:Food:Restaurant                          27.13 USD

2024-12-29 * "China Garden" "Eating out with Joe"
  Liabilities:US:Chase:Slate                       -59.50 USD
  Expenses:Food:Restaurant                          59.50 USD

2025-01-01 * "China Garden" "Eating out after work"
  Liabilities:US:Chase:Slate                       -48.54 USD
  Expenses:Food:Restaurant                          48.54 USD

2025-01-02 * "Farmer Fresh" "Buying groceries"
  Liabilities:US:Chase:Slate                       -64.99 USD
  Expenses:Food:Groceries                           64.99 USD

2025-01-06 * "Chichipotle" "Eating out alone"
  Liabilities:US:Chase:Slate                       -33.58 USD
  Expenses:Food:Restaurant                          33.58 USD

2025-01-06 * "Metro Transport Authority" "Tram tickets"
  Liabilities:US:Chase:Slate                      -120.00 USD
  Expenses:Transport:Tram                          120.00 USD

2025-01-07 * "Chase:Slate" "Paying off credit card"
  Liabilities:US:Chase:Slate                       639.54 USD
  Assets:US:BofA:Checking                         -639.54 USD

2025-01-10 * "Uncle Boons" "Eating out alone"
  Liabilities:US:Chase:Slate                       -19.29 USD
  Expenses:Food:Restaurant                          19.29 USD

2025-01-14 * "Farmer Fresh" "Buying groceries"
  Liabilities:US:Chase:Slate                      -115.40 USD
  Expenses:Food:Groceries                          115.40 USD

2025-01-15 * "Kin Soy" "Eating out alone"
  Liabilities:US:Chase:Slate                       -14.20 USD
  Expenses:Food:Restaurant                          14.20 USD

2025-01-18 * "Cafe Modagor" "Eating out with Julie"
  Liabilities:US:Chase:Slate                       -43.56 USD
  Expenses:Food:Restaurant                          43.56 USD

2025-01-20 balance Liabilities:US:Chase:Slate    -1224.25 USD

2025-01-20 * "Cafe Modagor" "Eating out with work buddies"
  Liabilities:US:Chase:Slate                       -39.20 USD
  Expenses:Food:Restaurant                          39.20 USD

2025-01-22 * "Good Moods Market" "Buying groceries"
  Liabilities:US:Chase:Slate                       -92.83 USD
  Expenses:Food:Groceries                           92.83 USD

2025-01-25 * "Jewel of Morroco" "Eating out with Joe"
  Liabilities:US:Chase:Slate                       -60.86 USD
  Expenses:Food:Restaurant                          60.86 USD

2025-01-29 * "Kin Soy" "Eating out with Joe"
  Liabilities:US:Chase:Slate                       -29.00 USD
  Expenses:Food:Restaurant                          29.00 USD

2025-01-30 * "Rose Flower" "Eating out with Julie"
  Liabilities:US:Chase:Slate                       -34.85 USD
  Expenses:Food:Restaurant                          34.85 USD

2025-02-04 * "Jewel of Morroco" "Eating out with Bill"
  Liabilities:US:Chase:Slate                       -40.30 USD
  Expenses:Food:Restaurant                          40.30 USD

2025-02-05 * "Chichipotle" "Eating out after work"
  Liabilities:US:Chase:Slate                       -43.54 USD
  Expenses:Food:Restaurant                          43.54 USD

2025-02-05 * "Metro Transport Authority" "Tram tickets"
  Liabilities:US:Chase:Slate                      -120.00 USD
  Expenses:Transport:Tram                          120.00 USD

2025-02-07 * "Cafe Modagor" "Eating out with Joe"
  Liabilities:US:Chase:Slate                       -11.22 USD
  Expenses:Food:Restaurant                          11.22 USD

2025-02-10 * "Corner Deli" "Buying groceries"
  Liabilities:US:Chase:Slate                       -65.19 USD
  Expenses:Food:Groceries                           65.19 USD

2025-02-10 * "Chase:Slate" "Paying off credit card"
  Liabilities:US:Chase:Slate                       710.15 USD
  Assets:US:BofA:Checking                         -710.15 USD

2025-02-11 * "Chichipotle" "Eating out with Joe"
  Liabilities:US:Chase:Slate                       -16.45 USD
  Expenses:Food:Restaurant                          16.45 USD

2025-02-12 * "Rose Flower" "Eating out with work buddies"
  Liabilities:US:Chase:Slate                       -27.87 USD
  Expenses:Food:Restaurant                          27.87 USD

2025-02-14 * "Chichipotle" "Eating out with Bill"
  Liabilities:US:Chase:Slate                       -21.97 USD
  Expenses:Food:Restaurant                          21.97 USD

2025-02-15 balance Liabilities:US:Chase:Slate    -1117.38 USD

2025-02-16 * "Cafe Modagor" "Eating out with Joe"
  Liabilities:US:Chase:Slate                       -29.10 USD
  Expenses:Food:Restaurant                          29.10 USD

2025-02-19 * "Rose Flower" "Eating out "
  Liabilities:US:Chase:Slate                       -49.87 USD
  Expenses:Food:Restaurant                          49.87 USD

2025-02-23 * "Chichipotle" "Eating out alone"
  Liabilities:US:Chase:Slate                       -75.24 USD
  Expenses:Food:Restaurant                          75.24 USD

2025-02-28 * "Chichipotle" "Eating out after work"
  Liabilities:US:Chase:Slate                       -49.29 USD
  Expenses:Food:Restaurant                          49.29 USD

2025-02-28 * "Good Moods Market" "Buying groceries"
  Liabilities:US:Chase:Slate                      -102.06 USD
  Expenses:Food:Groceries                          102.06 USD

2025-03-05 * "Chichipotle" "Eating out with Bill"
  Liabilities:US:Chase:Slate                       -34.47 USD
  Expenses:Food:Restaurant                          34.47 USD

2025-03-06 * "Metro Transport Authority" "Tram tickets"
  Liabilities:US:Chase:Slate                      -120.00 USD
  Expenses:Transport:Tram                          120.00 USD

2025-03-07 * "Chase:Slate" "Paying off credit card"
  Liabilities:US:Chase:Slate                       549.69 USD
  Assets:US:BofA:Checking                         -549.69 USD

2025-03-09 * "Jewel of Morroco" "Eating out alone"
  Liabilities:US:Chase:Slate                       -23.37 USD
  Expenses:Food:Restaurant                          23.37 USD

2025-03-12 * "Kin Soy" "Eating out with Joe"
  Liabilities:US:Chase:Slate                        -8.21 USD
  Expenses:Food:Restaurant                           8.21 USD

2025-03-14 * "Chichipotle" "Eating out with Natasha"
  Liabilities:US:Chase:Slate                       -24.06 USD
  Expenses:Food:Restaurant                          24.06 USD

2025-03-14 * "Good Moods Market" "Buying groceries"
  Liabilities:US:Chase:Slate                       -81.88 USD
  Expenses:Food:Groceries                           81.88 USD

2025-03-15 balance Liabilities:US:Chase:Slate    -1165.24 USD

2025-03-16 * "Cafe Modagor" "Eating out with Bill"
  Liabilities:US:Chase:Slate                       -17.71 USD
  Expenses:Food:Restaurant                          17.71 USD

2025-03-19 * "Goba Goba" "Eating out with Julie"
  Liabilities:US:Chase:Slate                       -49.63 USD
  Expenses:Food:Restaurant                          49.63 USD

2025-03-22 * "Chichipotle" "Eating out after work"
  Liabilities:US:Chase:Slate                       -50.80 USD
  Expenses:Food:Restaurant                          50.80 USD

2025-03-23 * "Onion Market" "Buying groceries"
  Liabilities:US:Chase:Slate                      -107.04 USD
  Expenses:Food:Groceries                          107.04 USD

2025-03-26 * "China Garden" "Eating out with Natasha"
  Liabilities:US:Chase:Slate                       -43.41 USD
  Expenses:Food:Restaurant                          43.41 USD

2025-03-27 * "Kin Soy" "Eating out alone"
  Liabilities:US:Chase:Slate                       -28.52 USD
  Expenses:Food:Restaurant                          28.52 USD

2025-03-30 * "Rose Flower" "Eating out after work"
  Liabilities:US:Chase:Slate                       -13.11 USD
  Expenses:Food:Restaurant                          13.11 USD

2025-04-02 * "Metro Transport Authority" "Tram tickets"
  Liabilities:US:Chase:Slate                      -120.00 USD
  Expenses:Transport:Tram                          120.00 USD

2025-04-04 * "Uncle Boons" "Eating out after work"
  Liabilities:US:Chase:Slate                       -32.54 USD
  Expenses:Food:Restaurant                          32.54 USD

2025-04-04 * "Good Moods Market" "Buying groceries"
  Liabilities:US:Chase:Slate                       -53.62 USD
  Expenses:Food:Groceries                           53.62 USD

2025-04-07 balance Liabilities:US:Chase:Slate    -1681.62 USD

2025-04-09 * "Goba Goba" "Eating out "
  Liabilities:US:Chase:Slate                       -23.71 USD
  Expenses:Food:Restaurant                          23.71 USD

2025-04-11 * "Kin Soy" "Eating out with Julie"
  Liabilities:US:Chase:Slate                       -21.01 USD
  Expenses:Food:Restaurant                          21.01 USD

2025-04-11 * "Chase:Slate" "Paying off credit card"
  Liabilities:US:Chase:Slate                       675.25 USD
  Assets:US:BofA:Checking                         -675.25 USD

2025-04-12 * "Rose Flower" "Eating out after work"
  Liabilities:US:Chase:Slate                       -32.65 USD
  Expenses:Food:Restaurant                          32.65 USD

2025-04-17 * "Rose Flower" "Eating out after work"
  Liabilities:US:Chase:Slate                       -32.90 USD
  Expenses:Food:Restaurant                          32.90 USD

2025-04-20 * "Farmer Fresh" "Buying groceries"
  Liabilities:US:Chase:Slate                      -113.50 USD
  Expenses:Food:Groceries                          113.50 USD

2025-04-22 * "Cafe Modagor" "Eating out with work buddies"
  Liabilities:US:Chase:Slate                       -25.10 USD
  Expenses:Food:Restaurant                          25.10 USD

2025-04-27 * "China Garden" "Eating out "
  Liabilities:US:Chase:Slate                       -14.52 USD
  Expenses:Food:Restaurant                          14.52 USD

2025-04-27 * "Onion Market" "Buying groceries"
  Liabilities:US:Chase:Slate                       -98.69 USD
  Expenses:Food:Groceries                           98.69 USD

2025-04-29 * "Metro Transport Authority" "Tram tickets"
  Liabilities:US:Chase:Slate                      -120.00 USD
  Expenses:Transport:Tram                          120.00 USD

2025-05-01 * "China Garden" "Eating out with Julie"
  Liabilities:US:Chase:Slate                       -31.00 USD
  Expenses:Food:Restaurant                          31.00 USD

2025-05-02 balance Liabilities:US:Chase:Slate    -1519.45 USD

2025-05-05 * "Kin Soy" "Eating out with Natasha"
  Liabilities:US:Chase:Slate                       -23.48 USD
  Expenses:Food:Restaurant                          23.48 USD

2025-05-08 * "Chase:Slate" "Paying off credit card"
  Liabilities:US:Chase:Slate                       532.01 USD
  Assets:US:BofA:Checking                         -532.01 USD

2025-05-09 * "China Garden" "Eating out with Natasha"
  Liabilities:US:Chase:Slate                       -40.17 USD
  Expenses:Food:Restaurant                          40.17 USD

2025-05-12 * "China Garden" "Eating out after work"
  Liabilities:US:Chase:Slate                       -42.70 USD
  Expenses:Food:Restaurant                          42.70 USD

2025-05-13 * "Good Moods Market" "Buying groceries"
  Liabilities:US:Chase:Slate                       -88.18 USD
  Expenses:Food:Groceries                           88.18 USD

2025-05-16 * "Rose Flower" "Eating out with Bill"
  Liabilities:US:Chase:Slate                       -35.39 USD
  Expenses:Food:Restaurant                          35.39 USD

2025-05-20 * "Chichipotle" "Eating out with Bill"
  Liabilities:US:Chase:Slate                       -62.09 USD
  Expenses:Food:Restaurant                          62.09 USD

2025-05-23 * "Cafe Modagor" "Eating out after work"
  Liabilities:US:Chase:Slate                       -46.19 USD
  Expenses:Food:Restaurant                          46.19 USD

2025-05-24 * "Goba Goba" "Eating out with Bill"
  Liabilities:US:Chase:Slate                       -36.04 USD
  Expenses:Food:Restaurant                          36.04 USD

2025-05-26 balance Liabilities:US:Chase:Slate    -1361.68 USD

2025-05-27 event "location" "Boston"

2025-05-28 * "Franklin Cafe" "" #trip-boston-2025
  Liabilities:US:Chase:Slate                       -28.20 USD
  Expenses:Food:Restaurant                          28.20 USD

2025-05-28 * "Starbucks" "" #trip-boston-2025
  Liabilities:US:Chase:Slate                        -6.33 USD
  Expenses:Food:Coffee                               6.33 USD

2025-05-29 * "Giacomo's Restaurant" "" #trip-boston-2025
  Liabilities:US:Chase:Slate                       -37.21 USD
  Expenses:Food:Restaurant                          37.21 USD

2025-05-29 * "Franklin Cafe" "" #trip-boston-2025
  Liabilities:US:Chase:Slate                       -36.00 USD
  Expenses:Food:Restaurant                          36.00 USD

2025-05-30 * "Legal Seafood" "" #trip-boston-2025
  Liabilities:US:Chase:Slate                       -31.22 USD
  Expenses:Food:Restaurant                          31.22 USD

2025-05-30 * "Starbucks" "" #trip-boston-2025
  Liabilities:US:Chase:Slate                        -6.13 USD
  Expenses:Food:Coffee                               6.13 USD

2025-05-31 * "Giacomo's Restaurant" "" #trip-boston-2025
  Liabilities:US:Chase:Slate                       -40.26 USD
  Expenses:Food:Restaurant                          40.26 USD

2025-05-31 * "Legal Seafood" "" #trip-boston-2025
  Liabilities:US:Chase:Slate                       -33.72 USD
  Expenses:Food:Restaurant                          33.72 USD

2025-06-01 * "Legal Seafood" "" #trip-boston-2025
  Liabilities:US:Chase:Slate                       -31.01 USD
  Expenses:Food:Restaurant                          31.01 USD

2025-06-01 * "Franklin Cafe" "" #trip-boston-2025
  Liabilities:US:Chase:Slate                       -32.09 USD
  Expenses:Food:Restaurant                          32.09 USD

2025-06-02 * "Legal Seafood" "" #trip-boston-2025
  Liabilities:US:Chase:Slate                       -33.72 USD
  Expenses:Food:Restaurant                          33.72 USD

2025-06-04 * "Legal Seafood" "" #trip-boston-2025
  Liabilities:US:Chase:Slate                       -28.10 USD
  Expenses:Food:Restaurant                          28.10 USD

2025-06-05 * "Giacomo's Restaurant" "" #trip-boston-2025
  Liabilities:US:Chase:Slate                       -40.24 USD
  Expenses:Food:Restaurant                          40.24 USD

2025-06-06 * "Franklin Cafe" "" #trip-boston-2025
  Liabilities:US:Chase:Slate                       -31.98 USD
  Expenses:Food:Restaurant                          31.98 USD

2025-06-07 * "Starbucks" "" #trip-boston-2025
  Liabilities:US:Chase:Slate                        -6.06 USD
  Expenses:Food:Coffee                               6.06 USD

2025-06-09 * "Giacomo's Restaurant" "" #trip-boston-2025
  Liabilities:US:Chase:Slate                       -43.22 USD
  Expenses:Food:Restaurant                          43.22 USD

2025-06-09 * "Franklin Cafe" "" #trip-boston-2025
  Liabilities:US:Chase:Slate                       -20.72 USD
  Expenses:Food:Restaurant                          20.72 USD

2025-06-11 * "Chase:Slate" "Paying off credit card"
  Liabilities:US:Chase:Slate                       341.68 USD
  Assets:US:BofA:Checking                         -341.68 USD

2025-06-12 * "Legal Seafood" "" #trip-boston-2025
  Liabilities:US:Chase:Slate                       -35.25 USD
  Expenses:Food:Restaurant                          35.25 USD

2025-06-13 * "Franklin Cafe" "" #trip-boston-2025
  Liabilities:US:Chase:Slate                       -32.68 USD
  Expenses:Food:Restaurant                          32.68 USD

2025-06-13 * "Starbucks" "" #trip-boston-2025
  Liabilities:US:Chase:Slate                        -5.86 USD
  Expenses:Food:Coffee                               5.86 USD

2025-06-14 * "Legal Seafood" "" #trip-boston-2025
  Liabilities:US:Chase:Slate                       -31.31 USD
  Expenses:Food:Restaurant                          31.31 USD

2025-06-14 * "Franklin Cafe" "" #trip-boston-2025
  Liabilities:US:Chase:Slate                       -32.98 USD
  Expenses:Food:Restaurant                          32.98 USD

2025-06-14 * "Starbucks" "" #trip-boston-2025
  Liabilities:US:Chase:Slate                        -6.12 USD
  Expenses:Food:Coffee                               6.12 USD

2025-06-15 * "Franklin Cafe" "" #trip-boston-2025
  Liabilities:US:Chase:Slate                       -26.64 USD
  Expenses:Food:Restaurant                          26.64 USD

2025-06-16 * "Giacomo's Restaurant" "" #trip-boston-2025
  Liabilities:US:Chase:Slate                       -42.63 USD
  Expenses:Food:Restaurant                          42.63 USD

2025-06-17 * "Legal Seafood" "" #trip-boston-2025
  Liabilities:US:Chase:Slate                       -40.30 USD
  Expenses:Food:Restaurant                          40.30 USD

2025-06-18 * "Consume vacation days"
  Assets:US:Hooli:Vacation                           -176 VACHR
  Expenses:Vacation                                   176 VACHR

2025-06-18 event "location" "New Metropolis"

2025-06-19 balance Liabilities:US:Chase:Slate    -1759.98 USD

2025-06-22 * "Cafe Modagor" "Eating out with Natasha"
  Liabilities:US:Chase:Slate                       -31.09 USD
  Expenses:Food:Restaurant                          31.09 USD

2025-06-26 * "Uncle Boons" "Eating out after work"
  Liabilities:US:Chase:Slate                       -31.65 USD
  Expenses:Food:Restaurant                          31.65 USD

2025-06-27 * "Kin Soy" "Eating out after work"
  Liabilities:US:Chase:Slate                       -21.87 USD
  Expenses:Food:Restaurant                          21.87 USD

2025-06-27 * "Corner Deli" "Buying groceries"
  Liabilities:US:Chase:Slate                       -54.33 USD
  Expenses:Food:Groceries                           54.33 USD

2025-06-29 * "Jewel of Morroco" "Eating out with work buddies"
  Liabilities:US:Chase:Slate                       -23.44 USD
  Expenses:Food:Restaurant                          23.44 USD

2025-07-03 * "Metro Transport Authority" "Tram tickets"
  Liabilities:US:Chase:Slate                      -120.00 USD
  Expenses:Transport:Tram                          120.00 USD

2025-07-04 * "Jewel of Morroco" "Eating out after work"
  Liabilities:US:Chase:Slate                       -53.91 USD
  Expenses:Food:Restaurant                          53.91 USD

2025-07-04 * "Good Moods Market" "Buying groceries"
  Liabilities:US:Chase:Slate                      -102.54 USD
  Expenses:Food:Groceries                          102.54 USD

2025-07-07 * "China Garden" "Eating out after work"
  Liabilities:US:Chase:Slate                       -56.43 USD
  Expenses:Food:Restaurant                          56.43 USD

2025-07-10 * "Chase:Slate" "Paying off credit card"
  Liabilities:US:Chase:Slate                       563.12 USD
  Assets:US:BofA:Checking                         -563.12 USD

2025-07-11 * "Farmer Fresh" "Buying groceries"
  Liabilities:US:Chase:Slate                       -98.95 USD
  Expenses:Food:Groceries                           98.95 USD

2025-07-12 * "Chichipotle" "Eating out with Joe"
  Liabilities:US:Chase:Slate                       -56.44 USD
  Expenses:Food:Restaurant                          56.44 USD

2025-07-15 * "Uncle Boons" "Eating out with work buddies"
  Liabilities:US:Chase:Slate                       -30.37 USD
  Expenses:Food:Restaurant                          30.37 USD

2025-07-16 balance Liabilities:US:Chase:Slate    -1877.88 USD

2025-07-19 * "Kin Soy" "Eating out with Natasha"
  Liabilities:US:Chase:Slate                       -36.58 USD
  Expenses:Food:Restaurant                          36.58 USD

2025-07-20 * "Uncle Boons" "Eating out alone"
  Liabilities:US:Chase:Slate                       -13.69 USD
  Expenses:Food:Restaurant                          13.69 USD

2025-07-23 * "Kin Soy" "Eating out alone"
  Liabilities:US:Chase:Slate                       -11.23 USD
  Expenses:Food:Restaurant                          11.23 USD

2025-07-24 * "Onion Market" "Buying groceries"
  Liabilities:US:Chase:Slate                       -83.28 USD
  Expenses:Food:Groceries                           83.28 USD

2025-07-25 * "Cafe Modagor" "Eating out with Julie"
  Liabilities:US:Chase:Slate                       -37.12 USD
  Expenses:Food:Restaurant                          37.12 USD

2025-07-30 * "Kin Soy" "Eating out "
  Liabilities:US:Chase:Slate                       -19.58 USD
  Expenses:Food:Restaurant                          19.58 USD

2025-08-02 * "Corner Deli" "Buying groceries"
  Liabilities:US:Chase:Slate                       -75.83 USD
  Expenses:Food:Groceries                           75.83 USD

2025-08-02 * "Metro Transport Authority" "Tram tickets"
  Liabilities:US:Chase:Slate                      -120.00 USD
  Expenses:Transport:Tram                          120.00 USD

2025-08-04 * "Kin Soy" "Eating out with Julie"
  Liabilities:US:Chase:Slate                       -20.94 USD
  Expenses:Food:Restaurant                          20.94 USD

2025-08-07 * "Cafe Modagor" "Eating out with Julie"
  Liabilities:US:Chase:Slate                       -25.89 USD
  Expenses:Food:Restaurant                          25.89 USD

2025-08-08 * "Chase:Slate" "Paying off credit card"
  Liabilities:US:Chase:Slate                       566.50 USD
  Assets:US:BofA:Checking                         -566.50 USD

2025-08-09 * "China Garden" "Eating out with Julie"
  Liabilities:US:Chase:Slate                       -35.55 USD
  Expenses:Food:Restaurant                          35.55 USD

2025-08-13 * "Cafe Modagor" "Eating out alone"
  Liabilities:US:Chase:Slate                       -17.52 USD
  Expenses:Food:Restaurant                          17.52 USD

2025-08-14 balance Liabilities:US:Chase:Slate    -1808.59 USD

2025-08-16 * "Kin Soy" "Eating out "
  Liabilities:US:Chase:Slate                       -15.81 USD
  Expenses:Food:Restaurant                          15.81 USD

2025-08-18 * "Farmer Fresh" "Buying groceries"
  Liabilities:US:Chase:Slate                       -65.67 USD
  Expenses:Food:Groceries                           65.67 USD

2025-08-20 * "Kin Soy" "Eating out after work"
  Liabilities:US:Chase:Slate                       -21.43 USD
  Expenses:Food:Restaurant                          21.43 USD

2025-08-21 * "Goba Goba" "Eating out with Julie"
  Liabilities:US:Chase:Slate                       -62.21 USD
  Expenses:Food:Restaurant                          62.21 USD

2025-08-23 * "Kin Soy" "Eating out with Natasha"
  Liabilities:US:Chase:Slate                       -37.30 USD
  Expenses:Food:Restaurant                          37.30 USD

2025-08-26 * "Rose Flower" "Eating out with Julie"
  Liabilities:US:Chase:Slate                       -51.35 USD
  Expenses:Food:Restaurant                          51.35 USD

2025-08-29 * "Jewel of Morroco" "Eating out with Bill"
  Liabilities:US:Chase:Slate                       -47.94 USD
  Expenses:Food:Restaurant                          47.94 USD

2025-09-01 * "Kin Soy" "Eating out alone"
  Liabilities:US:Chase:Slate                       -22.46 USD
  Expenses:Food:Restaurant                          22.46 USD

2025-09-03 * "Metro Transport Authority" "Tram tickets"
  Liabilities:US:Chase:Slate                      -120.00 USD
  Expenses:Transport:Tram                          120.00 USD

2025-09-06 * "Rose Flower" "Eating out with work buddies"
  Liabilities:US:Chase:Slate                       -28.29 USD
  Expenses:Food:Restaurant                          28.29 USD

2025-09-07 balance Liabilities:US:Chase:Slate    -2281.05 USD

2025-09-07 * "Corner Deli" "Buying groceries"
  Liabilities:US:Chase:Slate                       -79.05 USD
  Expenses:Food:Groceries                           79.05 USD

2025-09-07 * "Chase:Slate" "Paying off credit card"
  Liabilities:US:Chase:Slate                       569.03 USD
  Assets:US:BofA:Checking                         -569.03 USD

2025-09-10 * "Jewel of Morroco" "Eating out with Bill"
  Liabilities:US:Chase:Slate                       -50.20 USD
  Expenses:Food:Restaurant                          50.20 USD

2025-09-12 * "Rose Flower" "Eating out after work"
  Liabilities:US:Chase:Slate                       -39.56 USD
  Expenses:Food:Restaurant                          39.56 USD

2025-09-13 * "Cafe Modagor" "Eating out with Joe"
  Liabilities:US:Chase:Slate                       -29.33 USD
  Expenses:Food:Restaurant                          29.33 USD

2025-09-18 * "Rose Flower" "Eating out after work"
  Liabilities:US:Chase:Slate                       -53.86 USD
  Expenses:Food:Restaurant                          53.86 USD

2025-09-19 * "Corner Deli" "Buying groceries"
  Liabilities:US:Chase:Slate                      -116.79 USD
  Expenses:Food:Groceries                          116.79 USD

2025-09-23 * "Cafe Modagor" "Eating out after work"
  Liabilities:US:Chase:Slate                       -41.86 USD
  Expenses:Food:Restaurant                          41.86 USD

2025-09-25 * "Goba Goba" "Eating out with Joe"
  Liabilities:US:Chase:Slate                       -25.34 USD
  Expenses:Food:Restaurant                          25.34 USD

2025-09-29 * "Chichipotle" "Eating out "
  Liabilities:US:Chase:Slate                       -39.48 USD
  Expenses:Food:Restaurant                          39.48 USD

2025-10-02 * "China Garden" "Eating out after work"
  Liabilities:US:Chase:Slate                       -19.81 USD
  Expenses:Food:Restaurant                          19.81 USD

2025-10-03 balance Liabilities:US:Chase:Slate    -2207.30 USD

2025-10-04 * "Chichipotle" "Eating out with Julie"
  Liabilities:US:Chase:Slate                       -31.64 USD
  Expenses:Food:Restaurant                          31.64 USD

2025-10-05 * "Rose Flower" "Eating out with Julie"
  Liabilities:US:Chase:Slate                       -15.34 USD
  Expenses:Food:Restaurant                          15.34 USD

2025-10-05 * "Good Moods Market" "Buying groceries"
  Liabilities:US:Chase:Slate                       -93.86 USD
  Expenses:Food:Groceries                           93.86 USD

2025-10-05 * "Metro Transport Authority" "Tram tickets"
  Liabilities:US:Chase:Slate                      -120.00 USD
  Expenses:Transport:Tram                          120.00 USD

2025-10-09 * "Chase:Slate" "Paying off credit card"
  Liabilities:US:Chase:Slate                       701.47 USD
  Assets:US:BofA:Checking                         -701.47 USD

2025-10-10 * "China Garden" "Eating out with Joe"
  Liabilities:US:Chase:Slate                       -24.40 USD
  Expenses:Food:Restaurant                          24.40 USD

2025-10-15 * "China Garden" "Eating out "
  Liabilities:US:Chase:Slate                       -21.89 USD
  Expenses:Food:Restaurant                          21.89 USD

2025-10-17 * "Kin Soy" "Eating out with work buddies"
  Liabilities:US:Chase:Slate                       -20.58 USD
  Expenses:Food:Restaurant                          20.58 USD

2025-10-21 * "Cafe Modagor" "Eating out after work"
  Liabilities:US:Chase:Slate                       -45.90 USD
  Expenses:Food:Restaurant                          45.90 USD

2025-10-24 * "Corner Deli" "Buying groceries"
  Liabilities:US:Chase:Slate                       -62.26 USD
  Expenses:Food:Groceries                           62.26 USD

2025-10-25 * "Uncle Boons" "Eating out "
  Liabilities:US:Chase:Slate                       -33.42 USD
  Expenses:Food:Restaurant                          33.42 USD

2025-10-28 * "Uncle Boons" "Eating out after work"
  Liabilities:US:Chase:Slate                       -19.69 USD
  Expenses:Food:Restaurant                          19.69 USD

2025-10-29 * "Jewel of Morroco" "Eating out with Joe"
  Liabilities:US:Chase:Slate                       -29.34 USD
  Expenses:Food:Restaurant                          29.34 USD

2025-11-01 balance Liabilities:US:Chase:Slate    -2024.15 USD

2025-11-01 * "Cafe Modagor" "Eating out with Bill"
  Liabilities:US:Chase:Slate                       -25.97 USD
  Expenses:Food:Restaurant                          25.97 USD

2025-11-01 * "Metro Transport Authority" "Tram tickets"
  Liabilities:US:Chase:Slate                      -120.00 USD
  Expenses:Transport:Tram                          120.00 USD

2025-11-03 * "Chichipotle" "Eating out with work buddies"
  Liabilities:US:Chase:Slate                       -21.39 USD
  Expenses:Food:Restaurant                          21.39 USD

2025-11-04 * "Rose Flower" "Eating out after work"
  Liabilities:US:Chase:Slate                       -50.01 USD
  Expenses:Food:Restaurant                          50.01 USD

2025-11-07 * "China Garden" "Eating out with Bill"
  Liabilities:US:Chase:Slate                       -32.25 USD
  Expenses:Food:Restaurant                          32.25 USD

2025-11-07 * "Chase:Slate" "Paying off credit card"
  Liabilities:US:Chase:Slate                       482.70 USD
  Assets:US:BofA:Checking                         -482.70 USD

2025-11-12 * "China Garden" "Eating out with Joe"
  Liabilities:US:Chase:Slate                       -32.01 USD
  Expenses:Food:Restaurant                          32.01 USD

2025-11-13 * "Good Moods Market" "Buying groceries"
  Liabilities:US:Chase:Slate                       -88.19 USD
  Expenses:Food:Groceries                           88.19 USD

2025-11-15 * "Jewel of Morroco" "Eating out after work"
  Liabilities:US:Chase:Slate                       -45.53 USD
  Expenses:Food:Restaurant                          45.53 USD

2025-11-19 * "Uncle Boons" "Eating out with work buddies"
  Liabilities:US:Chase:Slate                       -36.87 USD
  Expenses:Food:Restaurant                          36.87 USD

2025-11-24 balance Liabilities:US:Chase:Slate    -1993.67 USD

2025-11-24 * "Goba Goba" "Eating out with Joe"
  Liabilities:US:Chase:Slate                       -73.97 USD
  Expenses:Food:Restaurant                          73.97 USD

2025-11-24 * "Farmer Fresh" "Buying groceries"
  Liabilities:US:Chase:Slate                       -64.18 USD
  Expenses:Food:Groceries                           64.18 USD

2025-11-29 * "Uncle Boons" "Eating out with Natasha"
  Liabilities:US:Chase:Slate                       -27.73 USD
  Expenses:Food:Restaurant                          27.73 USD

2025-12-03 * "Metro Transport Authority" "Tram tickets"
  Liabilities:US:Chase:Slate                      -120.00 USD
  Expenses:Transport:Tram                          120.00 USD

2025-12-04 * "Jewel of Morroco" "Eating out "
  Liabilities:US:Chase:Slate                       -38.99 USD
  Expenses:Food:Restaurant                          38.99 USD

2025-12-06 * "Onion Market" "Buying groceries"
  Liabilities:US:Chase:Slate                       -90.01 USD
  Expenses:Food:Groceries                           90.01 USD

2025-12-09 * "Goba Goba" "Eating out with Joe"
  Liabilities:US:Chase:Slate                       -30.74 USD
  Expenses:Food:Restaurant                          30.74 USD



* Taxable Investments

2023-01-01 open Assets:US:ETrade:Cash                       USD
2023-01-01 open Assets:US:ETrade:ITOT                       ITOT
2023-01-01 open Assets:US:ETrade:VEA                       VEA
2023-01-01 open Assets:US:ETrade:VHT                       VHT
2023-01-01 open Assets:US:ETrade:GLD                       GLD
2023-01-01 open Income:US:ETrade:PnL                        USD
2023-01-01 open Income:US:ETrade:ITOT:Dividend              USD
2023-01-01 open Income:US:ETrade:VEA:Dividend              USD
2023-01-01 open Income:US:ETrade:VHT:Dividend              USD
2023-01-01 open Income:US:ETrade:GLD:Dividend              USD

2023-09-18 * "Dividends on portfolio"
  Assets:US:ETrade:Cash                              0.00 USD
  Income:US:ETrade:VHT:Dividend                      0.00 USD

2023-10-04 * "Buy shares of ITOT"
  Assets:US:ETrade:Cash                          -1112.20 USD
  Assets:US:ETrade:ITOT                                 5 ITOT {220.65 USD, 2023-10-04}
  Expenses:Financial:Commissions                     8.95 USD

2023-10-04 * "Buy shares of GLD"
  Assets:US:ETrade:Cash                          -1227.60 USD
  Assets:US:ETrade:GLD                                  5 GLD {243.73 USD, 2023-10-04}
  Expenses:Financial:Commissions                     8.95 USD

2023-10-04 * "Buy shares of VHT"
  Assets:US:ETrade:Cash                          -1279.87 USD
  Assets:US:ETrade:VHT                                 12 VHT {105.91 USD, 2023-10-04}
  Expenses:Financial:Commissions                     8.95 USD

2023-10-18 * "Sell shares of GLD"
  Assets:US:ETrade:GLD                                 -5 GLD {243.73 USD, 2023-10-04} @ 247.81 USD
  Assets:US:ETrade:Cash                           1230.10 USD
  Expenses:Financial:Commissions                     8.95 USD
  Income:US:ETrade:PnL                             -20.40 USD

2023-11-29 * "Buy shares of VHT"
  Assets:US:ETrade:Cash                          -1381.75 USD
  Assets:US:ETrade:VHT                                 13 VHT {105.60 USD, 2023-11-29}
  Expenses:Financial:Commissions                     8.95 USD

2023-11-29 * "Buy shares of ITOT"
  Assets:US:ETrade:Cash                          -1377.31 USD
  Assets:US:ETrade:ITOT                                 6 ITOT {228.06 USD, 2023-11-29}
  Expenses:Financial:Commissions                     8.95 USD

2023-11-29 * "Buy shares of VEA"
  Assets:US:ETrade:Cash                          -1308.57 USD
  Assets:US:ETrade:VEA                                  7 VEA {185.66 USD, 2023-11-29}
  Expenses:Financial:Commissions                     8.95 USD

2023-11-29 * "Buy shares of GLD"
  Assets:US:ETrade:Cash                          -1329.00 USD
  Assets:US:ETrade:GLD                                  5 GLD {264.01 USD, 2023-11-29}
  Expenses:Financial:Commissions                     8.95 USD

2023-12-17 * "Dividends on portfolio"
  Assets:US:ETrade:Cash                             35.81 USD
  Income:US:ETrade:VEA:Dividend                    -35.81 USD

2024-03-17 * "Dividends on portfolio"
  Assets:US:ETrade:Cash                             35.81 USD
  Income:US:ETrade:GLD:Dividend                    -35.81 USD

2024-03-27 * "Sell shares of ITOT"
  Assets:US:ETrade:ITOT                                -5 ITOT {220.65 USD, 2023-10-04} @ 243.92 USD
  Assets:US:ETrade:Cash                           1210.65 USD
  Expenses:Financial:Commissions                     8.95 USD
  Income:US:ETrade:PnL                            -116.35 USD

2024-04-01 * "Buy shares of GLD"
  Assets:US:ETrade:Cash                           -261.97 USD
  Assets:US:ETrade:GLD                                  1 GLD {253.02 USD, 2024-04-01}
  Expenses:Financial:Commissions                     8.95 USD

2024-04-01 * "Buy shares of VHT"
  Assets:US:ETrade:Cash                           -324.97 USD
  Assets:US:ETrade:VHT                                  3 VHT {105.34 USD, 2024-04-01}
  Expenses:Financial:Commissions                     8.95 USD

2024-04-01 * "Buy shares of VEA"
  Assets:US:ETrade:Cash                           -389.63 USD
  Assets:US:ETrade:VEA                                  2 VEA {190.34 USD, 2024-04-01}
  Expenses:Financial:Commissions                     8.95 USD

2024-06-17 * "Dividends on portfolio"
  Assets:US:ETrade:Cash                             39.61 USD
  Income:US:ETrade:GLD:Dividend                    -39.61 USD

2024-06-26 * "Sell shares of GLD"
  Assets:US:ETrade:GLD                                 -5 GLD {264.01 USD, 2023-11-29} @ 253.54 USD
  Assets:US:ETrade:Cash                           1258.75 USD
  Expenses:Financial:Commissions                     8.95 USD
  Income:US:ETrade:PnL                              52.35 USD

2024-07-03 * "Buy shares of GLD"
  Assets:US:ETrade:Cash                          -1517.95 USD
  Assets:US:ETrade:GLD                                  6 GLD {251.50 USD, 2024-07-03}
  Expenses:Financial:Commissions                     8.95 USD

2024-08-29 * "Buy shares of VHT"
  Assets:US:ETrade:Cash                           -645.37 USD
  Assets:US:ETrade:VHT                                  6 VHT {106.07 USD, 2024-08-29}
  Expenses:Financial:Commissions                     8.95 USD

2024-08-29 * "Buy shares of ITOT"
  Assets:US:ETrade:Cash                           -508.77 USD
  Assets:US:ETrade:ITOT                                 2 ITOT {249.91 USD, 2024-08-29}
  Expenses:Financial:Commissions                     8.95 USD

2024-08-29 * "Buy shares of GLD"
  Assets:US:ETrade:Cash                           -533.07 USD
  Assets:US:ETrade:GLD                                  2 GLD {262.06 USD, 2024-08-29}
  Expenses:Financial:Commissions                     8.95 USD

2024-08-29 * "Buy shares of VEA"
  Assets:US:ETrade:Cash                           -624.25 USD
  Assets:US:ETrade:VEA                                  3 VEA {205.10 USD, 2024-08-29}
  Expenses:Financial:Commissions                     8.95 USD

2024-09-17 * "Dividends on portfolio"
  Assets:US:ETrade:Cash                             54.75 USD
  Income:US:ETrade:VEA:Dividend                    -54.75 USD

2024-10-26 * "Buy shares of ITOT"
  Assets:US:ETrade:Cash                          -1476.07 USD
  Assets:US:ETrade:ITOT                                 6 ITOT {244.52 USD, 2024-10-26}
  Expenses:Financial:Commissions                     8.95 USD

2024-10-26 * "Buy shares of GLD"
  Assets:US:ETrade:Cash                          -1634.95 USD
  Assets:US:ETrade:GLD                                  6 GLD {271.00 USD, 2024-10-26}
  Expenses:Financial:Commissions                     8.95 USD

2024-10-26 * "Buy shares of VEA"
  Assets:US:ETrade:Cash                          -1623.67 USD
  Assets:US:ETrade:VEA                                  8 VEA {201.84 USD, 2024-10-26}
  Expenses:Financial:Commissions                     8.95 USD

2024-12-17 * "Dividends on portfolio"
  Assets:US:ETrade:Cash                             73.58 USD
  Income:US:ETrade:VHT:Dividend                    -73.58 USD

2025-03-18 * "Dividends on portfolio"
  Assets:US:ETrade:Cash                             73.58 USD
  Income:US:ETrade:VHT:Dividend                    -73.58 USD

2025-04-18 * "Sell shares of VHT"
  Assets:US:ETrade:VHT                                 -3 VHT {105.34 USD, 2024-04-01} @ 107.77 USD
  Assets:US:ETrade:Cash                            314.36 USD
  Expenses:Financial:Commissions                     8.95 USD
  Income:US:ETrade:PnL                              -7.29 USD

2025-06-18 * "Dividends on portfolio"
  Assets:US:ETrade:Cash                             73.58 USD
  Income:US:ETrade:GLD:Dividend                    -73.58 USD

2025-09-15 * "Buy shares of VEA"
  Assets:US:ETrade:Cash                          -2576.24 USD
  Assets:US:ETrade:VEA                                 11 VEA {233.39 USD, 2025-09-15}
  Expenses:Financial:Commissions                     8.95 USD

2025-09-15 * "Buy shares of ITOT"
  Assets:US:ETrade:Cash                          -2681.77 USD
  Assets:US:ETrade:ITOT                                 9 ITOT {296.98 USD, 2025-09-15}
  Expenses:Financial:Commissions                     8.95 USD

2025-09-18 * "Dividends on portfolio"
  Assets:US:ETrade:Cash                             94.54 USD
  Income:US:ETrade:VHT:Dividend                    -94.54 USD

2025-10-05 * "Sell shares of VEA"
  Assets:US:ETrade:VEA                                -11 VEA {233.39 USD, 2025-09-15} @ 232.05 USD
  Assets:US:ETrade:Cash                           2543.60 USD
  Expenses:Financial:Commissions                     8.95 USD
  Income:US:ETrade:PnL                              14.74 USD

2025-10-06 * "Buy shares of VHT"
  Assets:US:ETrade:Cash                          -2637.85 USD
  Assets:US:ETrade:VHT                                 23 VHT {114.30 USD, 2025-10-06}
  Expenses:Financial:Commissions                     8.95 USD

2025-10-10 * "Buy shares of VHT"
  Assets:US:ETrade:Cash                          -1261.52 USD
  Assets:US:ETrade:VHT                                 11 VHT {113.87 USD, 2025-10-10}
  Expenses:Financial:Commissions                     8.95 USD

2025-10-10 * "Buy shares of GLD"
  Assets:US:ETrade:Cash                          -1250.87 USD
  Assets:US:ETrade:GLD                                  4 GLD {310.48 USD, 2025-10-10}
  Expenses:Financial:Commissions                     8.95 USD

2025-10-10 * "Buy shares of VEA"
  Assets:US:ETrade:Cash                          -1147.65 USD
  Assets:US:ETrade:VEA                                  5 VEA {227.74 USD, 2025-10-10}
  Expenses:Financial:Commissions                     8.95 USD

2025-11-28 * "Buy shares of ITOT"
  Assets:US:ETrade:Cash                          -4602.63 USD
  Assets:US:ETrade:ITOT                                14 ITOT {328.12 USD, 2025-11-28}
  Expenses:Financial:Commissions                     8.95 USD



* Vanguard Investments

2023-01-01 open Assets:US:Vanguard:VBMPX                     VBMPX
  number: "882882"
2023-01-01 open Assets:US:Vanguard:RGAGX                     RGAGX
  number: "882882"
2023-01-01 open Assets:US:Vanguard                            USD
  institution: "Vanguard Group"
  address: "P.O. Box 1110, Valley Forge, PA 19482-1110"
  phone: "+1.800.523.1188"
2023-01-01 open Income:US:Hooli:Match401k                   USD
2023-01-01 open Assets:US:Vanguard:Cash                       USD
  number: "882882"

2023-01-06 * "Employer match for contribution"
  Assets:US:Vanguard:Cash                          600.00 USD
  Income:US:Hooli:Match401k                       -600.00 USD

2023-01-09 * "Investing 40% of cash in VBMPX"
  Assets:US:Vanguard:VBMPX                          4.244 VBMPX {113.11 USD, 2023-01-09}
  Assets:US:Vanguard:Cash                         -480.04 USD

2023-01-09 * "Investing 60% of cash in RGAGX"
  Assets:US:Vanguard:RGAGX                         11.053 RGAGX {65.14 USD, 2023-01-09}
  Assets:US:Vanguard:Cash                         -719.99 USD

2023-01-09 * "Investing 40% of cash in VBMPX"
  Assets:US:Vanguard:VBMPX                          2.122 VBMPX {113.11 USD, 2023-01-09}
  Assets:US:Vanguard:Cash                         -240.02 USD

2023-01-09 * "Investing 60% of cash in RGAGX"
  Assets:US:Vanguard:RGAGX                          5.526 RGAGX {65.14 USD, 2023-01-09}
  Assets:US:Vanguard:Cash                         -359.96 USD

2023-01-20 * "Employer match for contribution"
  Assets:US:Vanguard:Cash                          600.00 USD
  Income:US:Hooli:Match401k                       -600.00 USD

2023-01-23 * "Investing 40% of cash in VBMPX"
  Assets:US:Vanguard:VBMPX                          4.235 VBMPX {113.34 USD, 2023-01-23}
  Assets:US:Vanguard:Cash                         -479.99 USD

2023-01-23 * "Investing 60% of cash in RGAGX"
  Assets:US:Vanguard:RGAGX                         10.721 RGAGX {67.16 USD, 2023-01-23}
  Assets:US:Vanguard:Cash                         -720.02 USD

2023-01-23 * "Investing 40% of cash in VBMPX"
  Assets:US:Vanguard:VBMPX                          2.117 VBMPX {113.34 USD, 2023-01-23}
  Assets:US:Vanguard:Cash                         -239.94 USD

2023-01-23 * "Investing 60% of cash in RGAGX"
  Assets:US:Vanguard:RGAGX                          5.360 RGAGX {67.16 USD, 2023-01-23}
  Assets:US:Vanguard:Cash                         -359.98 USD

2023-02-03 * "Employer match for contribution"
  Assets:US:Vanguard:Cash                          600.00 USD
  Income:US:Hooli:Match401k                       -600.00 USD

2023-02-06 * "Investing 40% of cash in VBMPX"
  Assets:US:Vanguard:VBMPX                          4.211 VBMPX {113.99 USD, 2023-02-06}
  Assets:US:Vanguard:Cash                         -480.01 USD

2023-02-06 * "Investing 60% of cash in RGAGX"
  Assets:US:Vanguard:RGAGX                         10.387 RGAGX {69.32 USD, 2023-02-06}
  Assets:US:Vanguard:Cash                         -720.03 USD

2023-02-06 * "Investing 40% of cash in VBMPX"
  Assets:US:Vanguard:VBMPX                          2.106 VBMPX {113.99 USD, 2023-02-06}
  Assets:US:Vanguard:Cash                         -240.06 USD

2023-02-06 * "Investing 60% of cash in RGAGX"
  Assets:US:Vanguard:RGAGX                          5.193 RGAGX {69.32 USD, 2023-02-06}
  Assets:US:Vanguard:Cash                         -359.98 USD

2023-02-17 * "Employer match for contribution"
  Assets:US:Vanguard:Cash                          600.00 USD
  Income:US:Hooli:Match401k                       -600.00 USD

2023-02-20 * "Investing 40% of cash in VBMPX"
  Assets:US:Vanguard:VBMPX                          4.113 VBMPX {116.69 USD, 2023-02-20}
  Assets:US:Vanguard:Cash                         -479.95 USD

2023-02-20 * "Investing 60% of cash in RGAGX"
  Assets:US:Vanguard:RGAGX                         10.432 RGAGX {69.02 USD, 2023-02-20}
  Assets:US:Vanguard:Cash                         -720.02 USD

2023-02-20 * "Investing 40% of cash in VBMPX"
  Assets:US:Vanguard:VBMPX                          2.057 VBMPX {116.69 USD, 2023-02-20}
  Assets:US:Vanguard:Cash                         -240.03 USD

2023-02-20 * "Investing 60% of cash in RGAGX"
  Assets:US:Vanguard:RGAGX                          5.216 RGAGX {69.02 USD, 2023-02-20}
  Assets:US:Vanguard:Cash                         -360.01 USD

2023-03-03 * "Employer match for contribution"
  Assets:US:Vanguard:Cash                          600.00 USD
  Income:US:Hooli:Match401k                       -600.00 USD

2023-03-06 * "Investing 40% of cash in VBMPX"
  Assets:US:Vanguard:VBMPX                          4.060 VBMPX {118.21 USD, 2023-03-06}
  Assets:US:Vanguard:Cash                         -479.93 USD

2023-03-06 * "Investing 60% of cash in RGAGX"
  Assets:US:Vanguard:RGAGX                         10.932 RGAGX {65.86 USD, 2023-03-06}
  Assets:US:Vanguard:Cash                         -719.98 USD

2023-03-06 * "Investing 40% of cash in VBMPX"
  Assets:US:Vanguard:VBMPX                          2.030 VBMPX {118.21 USD, 2023-03-06}
  Assets:US:Vanguard:Cash                         -239.97 USD

2023-03-06 * "Investing 60% of cash in RGAGX"
  Assets:US:Vanguard:RGAGX                          5.467 RGAGX {65.86 USD, 2023-03-06}
  Assets:US:Vanguard:Cash                         -360.06 USD

2023-03-17 * "Employer match for contribution"
  Assets:US:Vanguard:Cash                          600.00 USD
  Income:US:Hooli:Match401k                       -600.00 USD

2023-03-20 * "Investing 40% of cash in VBMPX"
  Assets:US:Vanguard:VBMPX                          4.087 VBMPX {117.46 USD, 2023-03-20}
  Assets:US:Vanguard:Cash                         -480.06 USD

2023-03-20 * "Investing 60% of cash in RGAGX"
  Assets:US:Vanguard:RGAGX                         10.590 RGAGX {67.99 USD, 2023-03-20}
  Assets:US:Vanguard:Cash                         -720.01 USD

2023-03-20 * "Investing 40% of cash in VBMPX"
  Assets:US:Vanguard:VBMPX                          2.043 VBMPX {117.46 USD, 2023-03-20}
  Assets:US:Vanguard:Cash                         -239.97 USD

2023-03-20 * "Investing 60% of cash in RGAGX"
  Assets:US:Vanguard:RGAGX                          5.295 RGAGX {67.99 USD, 2023-03-20}
  Assets:US:Vanguard:Cash                         -360.01 USD

2023-03-31 * "Employer match for contribution"
  Assets:US:Vanguard:Cash                          600.00 USD
  Income:US:Hooli:Match401k                       -600.00 USD

2023-04-03 * "Investing 40% of cash in VBMPX"
  Assets:US:Vanguard:VBMPX                          4.070 VBMPX {117.94 USD, 2023-04-03}
  Assets:US:Vanguard:Cash                         -480.02 USD

2023-04-03 * "Investing 60% of cash in RGAGX"
  Assets:US:Vanguard:RGAGX                         10.268 RGAGX {70.12 USD, 2023-04-03}
  Assets:US:Vanguard:Cash                         -719.99 USD

2023-04-03 * "Investing 40% of cash in VBMPX"
  Assets:US:Vanguard:VBMPX                          2.035 VBMPX {117.94 USD, 2023-04-03}
  Assets:US:Vanguard:Cash                         -240.01 USD

2023-04-03 * "Investing 60% of cash in RGAGX"
  Assets:US:Vanguard:RGAGX                          5.134 RGAGX {70.12 USD, 2023-04-03}
  Assets:US:Vanguard:Cash                         -360.00 USD

2023-04-14 * "Employer match for contribution"
  Assets:US:Vanguard:Cash                          600.00 USD
  Income:US:Hooli:Match401k                       -600.00 USD

2023-04-17 * "Investing 40% of cash in VBMPX"
  Assets:US:Vanguard:VBMPX                          4.006 VBMPX {119.81 USD, 2023-04-17}
  Assets:US:Vanguard:Cash                         -479.96 USD

2023-04-17 * "Investing 60% of cash in RGAGX"
  Assets:US:Vanguard:RGAGX                          9.953 RGAGX {72.34 USD, 2023-04-17}
  Assets:US:Vanguard:Cash                         -720.00 USD

2023-04-17 * "Investing 40% of cash in VBMPX"
  Assets:US:Vanguard:VBMPX                          2.003 VBMPX {119.81 USD, 2023-04-17}
  Assets:US:Vanguard:Cash                         -239.98 USD

2023-04-17 * "Investing 60% of cash in RGAGX"
  Assets:US:Vanguard:RGAGX                          4.976 RGAGX {72.34 USD, 2023-04-17}
  Assets:US:Vanguard:Cash                         -359.96 USD

2023-04-28 * "Employer match for contribution"
  Assets:US:Vanguard:Cash                          600.00 USD
  Income:US:Hooli:Match401k                       -600.00 USD

2023-05-01 * "Investing 40% of cash in VBMPX"
  Assets:US:Vanguard:VBMPX                          3.971 VBMPX {120.87 USD, 2023-05-01}
  Assets:US:Vanguard:Cash                         -479.97 USD

2023-05-01 * "Investing 60% of cash in RGAGX"
  Assets:US:Vanguard:RGAGX                         10.174 RGAGX {70.77 USD, 2023-05-01}
  Assets:US:Vanguard:Cash                         -720.01 USD

2023-05-01 * "Investing 40% of cash in VBMPX"
  Assets:US:Vanguard:VBMPX                          1.986 VBMPX {120.87 USD, 2023-05-01}
  Assets:US:Vanguard:Cash                         -240.05 USD

2023-05-01 * "Investing 60% of cash in RGAGX"
  Assets:US:Vanguard:RGAGX                          5.088 RGAGX {70.77 USD, 2023-05-01}
  Assets:US:Vanguard:Cash                         -360.08 USD

2023-05-12 * "Employer match for contribution"
  Assets:US:Vanguard:Cash                          600.00 USD
  Income:US:Hooli:Match401k                       -600.00 USD

2023-05-15 * "Investing 40% of cash in VBMPX"
  Assets:US:Vanguard:VBMPX                          3.882 VBMPX {123.64 USD, 2023-05-15}
  Assets:US:Vanguard:Cash                         -479.97 USD

2023-05-15 * "Investing 60% of cash in RGAGX"
  Assets:US:Vanguard:RGAGX                         10.186 RGAGX {70.68 USD, 2023-05-15}
  Assets:US:Vanguard:Cash                         -719.95 USD

2023-05-15 * "Investing 40% of cash in VBMPX"
  Assets:US:Vanguard:VBMPX                          1.941 VBMPX {123.64 USD, 2023-05-15}
  Assets:US:Vanguard:Cash                         -239.99 USD

2023-05-15 * "Investing 60% of cash in RGAGX"
  Assets:US:Vanguard:RGAGX                          5.094 RGAGX {70.68 USD, 2023-05-15}
  Assets:US:Vanguard:Cash                         -360.04 USD

2023-05-26 * "Employer match for contribution"
  Assets:US:Vanguard:Cash                          600.00 USD
  Income:US:Hooli:Match401k                       -600.00 USD

2023-05-29 * "Investing 40% of cash in VBMPX"
  Assets:US:Vanguard:VBMPX                          3.862 VBMPX {124.28 USD, 2023-05-29}
  Assets:US:Vanguard:Cash                         -479.97 USD

2023-05-29 * "Investing 60% of cash in RGAGX"
  Assets:US:Vanguard:RGAGX                         10.594 RGAGX {67.96 USD, 2023-05-29}
  Assets:US:Vanguard:Cash                         -719.97 USD

2023-05-29 * "Investing 40% of cash in VBMPX"
  Assets:US:Vanguard:VBMPX                          1.931 VBMPX {124.28 USD, 2023-05-29}
  Assets:US:Vanguard:Cash                         -239.98 USD

2023-05-29 * "Investing 60% of cash in RGAGX"
  Assets:US:Vanguard:RGAGX                          5.298 RGAGX {67.96 USD, 2023-05-29}
  Assets:US:Vanguard:Cash                         -360.05 USD

2023-06-09 * "Employer match for contribution"
  Assets:US:Vanguard:Cash                          600.00 USD
  Income:US:Hooli:Match401k                       -600.00 USD

2023-06-12 * "Investing 40% of cash in VBMPX"
  Assets:US:Vanguard:VBMPX                          3.894 VBMPX {123.27 USD, 2023-06-12}
  Assets:US:Vanguard:Cash                         -480.01 USD

2023-06-12 * "Investing 60% of cash in RGAGX"
  Assets:US:Vanguard:RGAGX                         10.662 RGAGX {67.53 USD, 2023-06-12}
  Assets:US:Vanguard:Cash                         -720.00 USD

2023-06-12 * "Investing 40% of cash in VBMPX"
  Assets:US:Vanguard:VBMPX                          1.947 VBMPX {123.27 USD, 2023-06-12}
  Assets:US:Vanguard:Cash                         -240.01 USD

2023-06-12 * "Investing 60% of cash in RGAGX"
  Assets:US:Vanguard:RGAGX                          5.331 RGAGX {67.53 USD, 2023-06-12}
  Assets:US:Vanguard:Cash                         -360.00 USD

2023-06-23 * "Employer match for contribution"
  Assets:US:Vanguard:Cash                          600.00 USD
  Income:US:Hooli:Match401k                       -600.00 USD

2023-06-26 * "Investing 40% of cash in VBMPX"
  Assets:US:Vanguard:VBMPX                          3.957 VBMPX {121.31 USD, 2023-06-26}
  Assets:US:Vanguard:Cash                         -480.02 USD

2023-06-26 * "Investing 60% of cash in RGAGX"
  Assets:US:Vanguard:RGAGX                         10.577 RGAGX {68.07 USD, 2023-06-26}
  Assets:US:Vanguard:Cash                         -719.98 USD

2023-06-26 * "Investing 40% of cash in VBMPX"
  Assets:US:Vanguard:VBMPX                          1.978 VBMPX {121.31 USD, 2023-06-26}
  Assets:US:Vanguard:Cash                         -239.95 USD

2023-06-26 * "Investing 60% of cash in RGAGX"
  Assets:US:Vanguard:RGAGX                          5.289 RGAGX {68.07 USD, 2023-06-26}
  Assets:US:Vanguard:Cash                         -360.02 USD

2023-07-07 * "Employer match for contribution"
  Assets:US:Vanguard:Cash                          600.00 USD
  Income:US:Hooli:Match401k                       -600.00 USD

2023-07-10 * "Investing 40% of cash in VBMPX"
  Assets:US:Vanguard:VBMPX                          3.891 VBMPX {123.37 USD, 2023-07-10}
  Assets:US:Vanguard:Cash                         -480.03 USD

2023-07-10 * "Investing 60% of cash in RGAGX"
  Assets:US:Vanguard:RGAGX                         10.723 RGAGX {67.15 USD, 2023-07-10}
  Assets:US:Vanguard:Cash                         -720.05 USD

2023-07-10 * "Investing 40% of cash in VBMPX"
  Assets:US:Vanguard:VBMPX                          1.945 VBMPX {123.37 USD, 2023-07-10}
  Assets:US:Vanguard:Cash                         -239.95 USD

2023-07-10 * "Investing 60% of cash in RGAGX"
  Assets:US:Vanguard:RGAGX                          5.361 RGAGX {67.15 USD, 2023-07-10}
  Assets:US:Vanguard:Cash                         -359.99 USD

2023-07-21 * "Employer match for contribution"
  Assets:US:Vanguard:Cash                          600.00 USD
  Income:US:Hooli:Match401k                       -600.00 USD

2023-07-24 * "Investing 40% of cash in VBMPX"
  Assets:US:Vanguard:VBMPX                          3.954 VBMPX {121.41 USD, 2023-07-24}
  Assets:US:Vanguard:Cash                         -480.06 USD

2023-07-24 * "Investing 60% of cash in RGAGX"
  Assets:US:Vanguard:RGAGX                         10.999 RGAGX {65.46 USD, 2023-07-24}
  Assets:US:Vanguard:Cash                         -719.99 USD

2023-07-24 * "Investing 40% of cash in VBMPX"
  Assets:US:Vanguard:VBMPX                          1.977 VBMPX {121.41 USD, 2023-07-24}
  Assets:US:Vanguard:Cash                         -240.03 USD

2023-07-24 * "Investing 60% of cash in RGAGX"
  Assets:US:Vanguard:RGAGX                          5.499 RGAGX {65.46 USD, 2023-07-24}
  Assets:US:Vanguard:Cash                         -359.96 USD

2023-08-04 * "Employer match for contribution"
  Assets:US:Vanguard:Cash                          250.00 USD
  Income:US:Hooli:Match401k                       -250.00 USD

2023-08-07 * "Investing 40% of cash in VBMPX"
  Assets:US:Vanguard:VBMPX                          1.646 VBMPX {121.52 USD, 2023-08-07}
  Assets:US:Vanguard:Cash                         -200.02 USD

2023-08-07 * "Investing 60% of cash in RGAGX"
  Assets:US:Vanguard:RGAGX                          4.622 RGAGX {64.91 USD, 2023-08-07}
  Assets:US:Vanguard:Cash                         -300.01 USD

2023-08-07 * "Investing 40% of cash in VBMPX"
  Assets:US:Vanguard:VBMPX                          0.823 VBMPX {121.52 USD, 2023-08-07}
  Assets:US:Vanguard:Cash                         -100.01 USD

2023-08-07 * "Investing 60% of cash in RGAGX"
  Assets:US:Vanguard:RGAGX                          2.310 RGAGX {64.91 USD, 2023-08-07}
  Assets:US:Vanguard:Cash                         -149.94 USD

2024-01-05 * "Employer match for contribution"
  Assets:US:Vanguard:Cash                          600.00 USD
  Income:US:Hooli:Match401k                       -600.00 USD

2024-01-08 * "Investing 40% of cash in VBMPX"
  Assets:US:Vanguard:VBMPX                          3.962 VBMPX {121.16 USD, 2024-01-08}
  Assets:US:Vanguard:Cash                         -480.04 USD

2024-01-08 * "Investing 60% of cash in RGAGX"
  Assets:US:Vanguard:RGAGX                          9.552 RGAGX {75.38 USD, 2024-01-08}
  Assets:US:Vanguard:Cash                         -720.03 USD

2024-01-08 * "Investing 40% of cash in VBMPX"
  Assets:US:Vanguard:VBMPX                          1.981 VBMPX {121.16 USD, 2024-01-08}
  Assets:US:Vanguard:Cash                         -240.02 USD

2024-01-08 * "Investing 60% of cash in RGAGX"
  Assets:US:Vanguard:RGAGX                          4.775 RGAGX {75.38 USD, 2024-01-08}
  Assets:US:Vanguard:Cash                         -359.94 USD

2024-01-19 * "Employer match for contribution"
  Assets:US:Vanguard:Cash                          600.00 USD
  Income:US:Hooli:Match401k                       -600.00 USD

2024-01-22 * "Investing 40% of cash in VBMPX"
  Assets:US:Vanguard:VBMPX                          3.922 VBMPX {122.37 USD, 2024-01-22}
  Assets:US:Vanguard:Cash                         -479.94 USD

2024-01-22 * "Investing 60% of cash in RGAGX"
  Assets:US:Vanguard:RGAGX                          9.559 RGAGX {75.32 USD, 2024-01-22}
  Assets:US:Vanguard:Cash                         -719.98 USD

2024-01-22 * "Investing 40% of cash in VBMPX"
  Assets:US:Vanguard:VBMPX                          1.961 VBMPX {122.37 USD, 2024-01-22}
  Assets:US:Vanguard:Cash                         -239.97 USD

2024-01-22 * "Investing 60% of cash in RGAGX"
  Assets:US:Vanguard:RGAGX                          4.780 RGAGX {75.32 USD, 2024-01-22}
  Assets:US:Vanguard:Cash                         -360.03 USD

2024-02-02 * "Employer match for contribution"
  Assets:US:Vanguard:Cash                          600.00 USD
  Income:US:Hooli:Match401k                       -600.00 USD

2024-02-05 * "Investing 40% of cash in VBMPX"
  Assets:US:Vanguard:VBMPX                          3.968 VBMPX {120.97 USD, 2024-02-05}
  Assets:US:Vanguard:Cash                         -480.01 USD

2024-02-05 * "Investing 60% of cash in RGAGX"
  Assets:US:Vanguard:RGAGX                          9.700 RGAGX {74.23 USD, 2024-02-05}
  Assets:US:Vanguard:Cash                         -720.03 USD

2024-02-05 * "Investing 40% of cash in VBMPX"
  Assets:US:Vanguard:VBMPX                          1.984 VBMPX {120.97 USD, 2024-02-05}
  Assets:US:Vanguard:Cash                         -240.00 USD

2024-02-05 * "Investing 60% of cash in RGAGX"
  Assets:US:Vanguard:RGAGX                          4.850 RGAGX {74.23 USD, 2024-02-05}
  Assets:US:Vanguard:Cash                         -360.02 USD

2024-02-16 * "Employer match for contribution"
  Assets:US:Vanguard:Cash                          600.00 USD
  Income:US:Hooli:Match401k                       -600.00 USD

2024-02-19 * "Investing 40% of cash in VBMPX"
  Assets:US:Vanguard:VBMPX                          3.964 VBMPX {121.10 USD, 2024-02-19}
  Assets:US:Vanguard:Cash                         -480.04 USD

2024-02-19 * "Investing 60% of cash in RGAGX"
  Assets:US:Vanguard:RGAGX                          9.658 RGAGX {74.55 USD, 2024-02-19}
  Assets:US:Vanguard:Cash                         -720.00 USD

2024-02-19 * "Investing 40% of cash in VBMPX"
  Assets:US:Vanguard:VBMPX                          1.982 VBMPX {121.10 USD, 2024-02-19}
  Assets:US:Vanguard:Cash                         -240.02 USD

2024-02-19 * "Investing 60% of cash in RGAGX"
  Assets:US:Vanguard:RGAGX                          4.829 RGAGX {74.55 USD, 2024-02-19}
  Assets:US:Vanguard:Cash                         -360.00 USD

2024-03-01 * "Employer match for contribution"
  Assets:US:Vanguard:Cash                          600.00 USD
  Income:US:Hooli:Match401k                       -600.00 USD

2024-03-04 * "Investing 40% of cash in VBMPX"
  Assets:US:Vanguard:VBMPX                          3.927 VBMPX {122.22 USD, 2024-03-04}
  Assets:US:Vanguard:Cash                         -479.96 USD

2024-03-04 * "Investing 60% of cash in RGAGX"
  Assets:US:Vanguard:RGAGX                          9.713 RGAGX {74.12 USD, 2024-03-04}
  Assets:US:Vanguard:Cash                         -719.93 USD

2024-03-04 * "Investing 40% of cash in VBMPX"
  Assets:US:Vanguard:VBMPX                          1.964 VBMPX {122.22 USD, 2024-03-04}
  Assets:US:Vanguard:Cash                         -240.04 USD

2024-03-04 * "Investing 60% of cash in RGAGX"
  Assets:US:Vanguard:RGAGX                          4.857 RGAGX {74.12 USD, 2024-03-04}
  Assets:US:Vanguard:Cash                         -360.00 USD

2024-03-15 * "Employer match for contribution"
  Assets:US:Vanguard:Cash                          600.00 USD
  Income:US:Hooli:Match401k                       -600.00 USD

2024-03-18 * "Investing 40% of cash in VBMPX"
  Assets:US:Vanguard:VBMPX                          3.997 VBMPX {120.09 USD, 2024-03-18}
  Assets:US:Vanguard:Cash                         -480.00 USD

2024-03-18 * "Investing 60% of cash in RGAGX"
  Assets:US:Vanguard:RGAGX                          9.727 RGAGX {74.02 USD, 2024-03-18}
  Assets:US:Vanguard:Cash                         -719.99 USD

2024-03-18 * "Investing 40% of cash in VBMPX"
  Assets:US:Vanguard:VBMPX                          1.999 VBMPX {120.09 USD, 2024-03-18}
  Assets:US:Vanguard:Cash                         -240.06 USD

2024-03-18 * "Investing 60% of cash in RGAGX"
  Assets:US:Vanguard:RGAGX                          4.864 RGAGX {74.02 USD, 2024-03-18}
  Assets:US:Vanguard:Cash                         -360.03 USD

2024-03-29 * "Employer match for contribution"
  Assets:US:Vanguard:Cash                          600.00 USD
  Income:US:Hooli:Match401k                       -600.00 USD

2024-04-01 * "Investing 40% of cash in VBMPX"
  Assets:US:Vanguard:VBMPX                          4.032 VBMPX {119.03 USD, 2024-04-01}
  Assets:US:Vanguard:Cash                         -479.93 USD

2024-04-01 * "Investing 60% of cash in RGAGX"
  Assets:US:Vanguard:RGAGX                          9.728 RGAGX {74.01 USD, 2024-04-01}
  Assets:US:Vanguard:Cash                         -719.97 USD

2024-04-01 * "Investing 40% of cash in VBMPX"
  Assets:US:Vanguard:VBMPX                          2.016 VBMPX {119.03 USD, 2024-04-01}
  Assets:US:Vanguard:Cash                         -239.96 USD

2024-04-01 * "Investing 60% of cash in RGAGX"
  Assets:US:Vanguard:RGAGX                          4.864 RGAGX {74.01 USD, 2024-04-01}
  Assets:US:Vanguard:Cash                         -359.98 USD

2024-04-12 * "Employer match for contribution"
  Assets:US:Vanguard:Cash                          600.00 USD
  Income:US:Hooli:Match401k                       -600.00 USD

2024-04-15 * "Investing 40% of cash in VBMPX"
  Assets:US:Vanguard:VBMPX                          3.990 VBMPX {120.32 USD, 2024-04-15}
  Assets:US:Vanguard:Cash                         -480.08 USD

2024-04-15 * "Investing 60% of cash in RGAGX"
  Assets:US:Vanguard:RGAGX                          9.899 RGAGX {72.74 USD, 2024-04-15}
  Assets:US:Vanguard:Cash                         -720.05 USD

2024-04-15 * "Investing 40% of cash in VBMPX"
  Assets:US:Vanguard:VBMPX                          1.995 VBMPX {120.32 USD, 2024-04-15}
  Assets:US:Vanguard:Cash                         -240.04 USD

2024-04-15 * "Investing 60% of cash in RGAGX"
  Assets:US:Vanguard:RGAGX                          4.949 RGAGX {72.74 USD, 2024-04-15}
  Assets:US:Vanguard:Cash                         -359.99 USD

2024-04-26 * "Employer match for contribution"
  Assets:US:Vanguard:Cash                          600.00 USD
  Income:US:Hooli:Match401k                       -600.00 USD

2024-04-29 * "Investing 40% of cash in VBMPX"
  Assets:US:Vanguard:VBMPX                          3.940 VBMPX {121.81 USD, 2024-04-29}
  Assets:US:Vanguard:Cash                         -479.93 USD

2024-04-29 * "Investing 60% of cash in RGAGX"
  Assets:US:Vanguard:RGAGX                          9.988 RGAGX {72.08 USD, 2024-04-29}
  Assets:US:Vanguard:Cash                         -719.94 USD

2024-04-29 * "Investing 40% of cash in VBMPX"
  Assets:US:Vanguard:VBMPX                          1.970 VBMPX {121.81 USD, 2024-04-29}
  Assets:US:Vanguard:Cash                         -239.97 USD

2024-04-29 * "Investing 60% of cash in RGAGX"
  Assets:US:Vanguard:RGAGX                          4.995 RGAGX {72.08 USD, 2024-04-29}
  Assets:US:Vanguard:Cash                         -360.04 USD

2024-05-10 * "Employer match for contribution"
  Assets:US:Vanguard:Cash                          600.00 USD
  Income:US:Hooli:Match401k                       -600.00 USD

2024-05-13 * "Investing 40% of cash in VBMPX"
  Assets:US:Vanguard:VBMPX                          3.906 VBMPX {122.89 USD, 2024-05-13}
  Assets:US:Vanguard:Cash                         -480.01 USD

2024-05-13 * "Investing 60% of cash in RGAGX"
  Assets:US:Vanguard:RGAGX                          9.916 RGAGX {72.61 USD, 2024-05-13}
  Assets:US:Vanguard:Cash                         -720.00 USD

2024-05-13 * "Investing 40% of cash in VBMPX"
  Assets:US:Vanguard:VBMPX                          1.953 VBMPX {122.89 USD, 2024-05-13}
  Assets:US:Vanguard:Cash                         -240.00 USD

2024-05-13 * "Investing 60% of cash in RGAGX"
  Assets:US:Vanguard:RGAGX                          4.958 RGAGX {72.61 USD, 2024-05-13}
  Assets:US:Vanguard:Cash                         -360.00 USD

2024-05-24 * "Employer match for contribution"
  Assets:US:Vanguard:Cash                          600.00 USD
  Income:US:Hooli:Match401k                       -600.00 USD

2024-05-27 * "Investing 40% of cash in VBMPX"
  Assets:US:Vanguard:VBMPX                          3.964 VBMPX {121.10 USD, 2024-05-27}
  Assets:US:Vanguard:Cash                         -480.04 USD

2024-05-27 * "Investing 60% of cash in RGAGX"
  Assets:US:Vanguard:RGAGX                          9.880 RGAGX {72.88 USD, 2024-05-27}
  Assets:US:Vanguard:Cash                         -720.05 USD

2024-05-27 * "Investing 40% of cash in VBMPX"
  Assets:US:Vanguard:VBMPX                          1.982 VBMPX {121.10 USD, 2024-05-27}
  Assets:US:Vanguard:Cash                         -240.02 USD

2024-05-27 * "Investing 60% of cash in RGAGX"
  Assets:US:Vanguard:RGAGX                          4.939 RGAGX {72.88 USD, 2024-05-27}
  Assets:US:Vanguard:Cash                         -359.95 USD

2024-06-07 * "Employer match for contribution"
  Assets:US:Vanguard:Cash                          600.00 USD
  Income:US:Hooli:Match401k                       -600.00 USD

2024-06-10 * "Investing 40% of cash in VBMPX"
  Assets:US:Vanguard:VBMPX                          3.915 VBMPX {122.60 USD, 2024-06-10}
  Assets:US:Vanguard:Cash                         -479.98 USD

2024-06-10 * "Investing 60% of cash in RGAGX"
  Assets:US:Vanguard:RGAGX                          9.878 RGAGX {72.89 USD, 2024-06-10}
  Assets:US:Vanguard:Cash                         -720.01 USD

2024-06-10 * "Investing 40% of cash in VBMPX"
  Assets:US:Vanguard:VBMPX                          1.958 VBMPX {122.60 USD, 2024-06-10}
  Assets:US:Vanguard:Cash                         -240.05 USD

2024-06-10 * "Investing 60% of cash in RGAGX"
  Assets:US:Vanguard:RGAGX                          4.939 RGAGX {72.89 USD, 2024-06-10}
  Assets:US:Vanguard:Cash                         -360.00 USD

2024-06-21 * "Employer match for contribution"
  Assets:US:Vanguard:Cash                          600.00 USD
  Income:US:Hooli:Match401k                       -600.00 USD

2024-06-24 * "Investing 40% of cash in VBMPX"
  Assets:US:Vanguard:VBMPX                          3.993 VBMPX {120.21 USD, 2024-06-24}
  Assets:US:Vanguard:Cash                         -480.00 USD

2024-06-24 * "Investing 60% of cash in RGAGX"
  Assets:US:Vanguard:RGAGX                          9.984 RGAGX {72.11 USD, 2024-06-24}
  Assets:US:Vanguard:Cash                         -719.95 USD

2024-06-24 * "Investing 40% of cash in VBMPX"
  Assets:US:Vanguard:VBMPX                          1.996 VBMPX {120.21 USD, 2024-06-24}
  Assets:US:Vanguard:Cash                         -239.94 USD

2024-06-24 * "Investing 60% of cash in RGAGX"
  Assets:US:Vanguard:RGAGX                          4.992 RGAGX {72.11 USD, 2024-06-24}
  Assets:US:Vanguard:Cash                         -359.97 USD

2024-07-05 * "Employer match for contribution"
  Assets:US:Vanguard:Cash                          600.00 USD
  Income:US:Hooli:Match401k                       -600.00 USD

2024-07-08 * "Investing 40% of cash in VBMPX"
  Assets:US:Vanguard:VBMPX                          3.953 VBMPX {121.44 USD, 2024-07-08}
  Assets:US:Vanguard:Cash                         -480.05 USD

2024-07-08 * "Investing 60% of cash in RGAGX"
  Assets:US:Vanguard:RGAGX                         10.732 RGAGX {67.09 USD, 2024-07-08}
  Assets:US:Vanguard:Cash                         -720.01 USD

2024-07-08 * "Investing 40% of cash in VBMPX"
  Assets:US:Vanguard:VBMPX                          1.976 VBMPX {121.44 USD, 2024-07-08}
  Assets:US:Vanguard:Cash                         -239.97 USD

2024-07-08 * "Investing 60% of cash in RGAGX"
  Assets:US:Vanguard:RGAGX                          5.366 RGAGX {67.09 USD, 2024-07-08}
  Assets:US:Vanguard:Cash                         -360.00 USD

2024-07-19 * "Employer match for contribution"
  Assets:US:Vanguard:Cash                          600.00 USD
  Income:US:Hooli:Match401k                       -600.00 USD

2024-07-22 * "Investing 40% of cash in VBMPX"
  Assets:US:Vanguard:VBMPX                          3.939 VBMPX {121.85 USD, 2024-07-22}
  Assets:US:Vanguard:Cash                         -479.97 USD

2024-07-22 * "Investing 60% of cash in RGAGX"
  Assets:US:Vanguard:RGAGX                         10.584 RGAGX {68.03 USD, 2024-07-22}
  Assets:US:Vanguard:Cash                         -720.03 USD

2024-07-22 * "Investing 40% of cash in VBMPX"
  Assets:US:Vanguard:VBMPX                          1.970 VBMPX {121.85 USD, 2024-07-22}
  Assets:US:Vanguard:Cash                         -240.04 USD

2024-07-22 * "Investing 60% of cash in RGAGX"
  Assets:US:Vanguard:RGAGX                          5.292 RGAGX {68.03 USD, 2024-07-22}
  Assets:US:Vanguard:Cash                         -360.01 USD

2024-08-02 * "Employer match for contribution"
  Assets:US:Vanguard:Cash                          250.00 USD
  Income:US:Hooli:Match401k                       -250.00 USD

2024-08-05 * "Investing 40% of cash in VBMPX"
  Assets:US:Vanguard:VBMPX                          1.644 VBMPX {121.68 USD, 2024-08-05}
  Assets:US:Vanguard:Cash                         -200.04 USD

2024-08-05 * "Investing 60% of cash in RGAGX"
  Assets:US:Vanguard:RGAGX                          4.269 RGAGX {70.28 USD, 2024-08-05}
  Assets:US:Vanguard:Cash                         -300.03 USD

2024-08-05 * "Investing 40% of cash in VBMPX"
  Assets:US:Vanguard:VBMPX                          0.822 VBMPX {121.68 USD, 2024-08-05}
  Assets:US:Vanguard:Cash                         -100.02 USD

2024-08-05 * "Investing 60% of cash in RGAGX"
  Assets:US:Vanguard:RGAGX                          2.134 RGAGX {70.28 USD, 2024-08-05}
  Assets:US:Vanguard:Cash                         -149.98 USD

2025-01-03 * "Employer match for contribution"
  Assets:US:Vanguard:Cash                          600.00 USD
  Income:US:Hooli:Match401k                       -600.00 USD

2025-01-06 * "Investing 40% of cash in VBMPX"
  Assets:US:Vanguard:VBMPX                          3.708 VBMPX {129.44 USD, 2025-01-06}
  Assets:US:Vanguard:Cash                         -479.96 USD

2025-01-06 * "Investing 60% of cash in RGAGX"
  Assets:US:Vanguard:RGAGX                          9.118 RGAGX {78.96 USD, 2025-01-06}
  Assets:US:Vanguard:Cash                         -719.96 USD

2025-01-06 * "Investing 40% of cash in VBMPX"
  Assets:US:Vanguard:VBMPX                          1.854 VBMPX {129.44 USD, 2025-01-06}
  Assets:US:Vanguard:Cash                         -239.98 USD

2025-01-06 * "Investing 60% of cash in RGAGX"
  Assets:US:Vanguard:RGAGX                          4.559 RGAGX {78.96 USD, 2025-01-06}
  Assets:US:Vanguard:Cash                         -359.98 USD

2025-01-17 * "Employer match for contribution"
  Assets:US:Vanguard:Cash                          600.00 USD
  Income:US:Hooli:Match401k                       -600.00 USD

2025-01-20 * "Investing 40% of cash in VBMPX"
  Assets:US:Vanguard:VBMPX                          3.640 VBMPX {131.87 USD, 2025-01-20}
  Assets:US:Vanguard:Cash                         -480.01 USD

2025-01-20 * "Investing 60% of cash in RGAGX"
  Assets:US:Vanguard:RGAGX                          9.008 RGAGX {79.93 USD, 2025-01-20}
  Assets:US:Vanguard:Cash                         -720.01 USD

2025-01-20 * "Investing 40% of cash in VBMPX"
  Assets:US:Vanguard:VBMPX                          1.820 VBMPX {131.87 USD, 2025-01-20}
  Assets:US:Vanguard:Cash                         -240.00 USD

2025-01-20 * "Investing 60% of cash in RGAGX"
  Assets:US:Vanguard:RGAGX                          4.504 RGAGX {79.93 USD, 2025-01-20}
  Assets:US:Vanguard:Cash                         -360.00 USD

2025-01-31 * "Employer match for contribution"
  Assets:US:Vanguard:Cash                          600.00 USD
  Income:US:Hooli:Match401k                       -600.00 USD

2025-02-03 * "Investing 40% of cash in VBMPX"
  Assets:US:Vanguard:VBMPX                          3.656 VBMPX {131.28 USD, 2025-02-03}
  Assets:US:Vanguard:Cash                         -479.96 USD

2025-02-03 * "Investing 60% of cash in RGAGX"
  Assets:US:Vanguard:RGAGX                          9.062 RGAGX {79.45 USD, 2025-02-03}
  Assets:US:Vanguard:Cash                         -719.98 USD

2025-02-03 * "Investing 40% of cash in VBMPX"
  Assets:US:Vanguard:VBMPX                          1.828 VBMPX {131.28 USD, 2025-02-03}
  Assets:US:Vanguard:Cash                         -239.98 USD

2025-02-03 * "Investing 60% of cash in RGAGX"
  Assets:US:Vanguard:RGAGX                          4.532 RGAGX {79.45 USD, 2025-02-03}
  Assets:US:Vanguard:Cash                         -360.07 USD

2025-02-14 * "Employer match for contribution"
  Assets:US:Vanguard:Cash                          600.00 USD
  Income:US:Hooli:Match401k                       -600.00 USD

2025-02-17 * "Investing 40% of cash in VBMPX"
  Assets:US:Vanguard:VBMPX                          3.679 VBMPX {130.46 USD, 2025-02-17}
  Assets:US:Vanguard:Cash                         -479.96 USD

2025-02-17 * "Investing 60% of cash in RGAGX"
  Assets:US:Vanguard:RGAGX                          9.267 RGAGX {77.70 USD, 2025-02-17}
  Assets:US:Vanguard:Cash                         -720.05 USD

2025-02-17 * "Investing 40% of cash in VBMPX"
  Assets:US:Vanguard:VBMPX                          1.840 VBMPX {130.46 USD, 2025-02-17}
  Assets:US:Vanguard:Cash                         -240.05 USD

2025-02-17 * "Investing 60% of cash in RGAGX"
  Assets:US:Vanguard:RGAGX                          4.633 RGAGX {77.70 USD, 2025-02-17}
  Assets:US:Vanguard:Cash                         -359.98 USD

2025-02-28 * "Employer match for contribution"
  Assets:US:Vanguard:Cash                          600.00 USD
  Income:US:Hooli:Match401k                       -600.00 USD

2025-03-03 * "Investing 40% of cash in VBMPX"
  Assets:US:Vanguard:VBMPX                          3.573 VBMPX {134.33 USD, 2025-03-03}
  Assets:US:Vanguard:Cash                         -479.96 USD

2025-03-03 * "Investing 60% of cash in RGAGX"
  Assets:US:Vanguard:RGAGX                          9.278 RGAGX {77.60 USD, 2025-03-03}
  Assets:US:Vanguard:Cash                         -719.97 USD

2025-03-03 * "Investing 40% of cash in VBMPX"
  Assets:US:Vanguard:VBMPX                          1.787 VBMPX {134.33 USD, 2025-03-03}
  Assets:US:Vanguard:Cash                         -240.05 USD

2025-03-03 * "Investing 60% of cash in RGAGX"
  Assets:US:Vanguard:RGAGX                          4.640 RGAGX {77.60 USD, 2025-03-03}
  Assets:US:Vanguard:Cash                         -360.06 USD

2025-03-14 * "Employer match for contribution"
  Assets:US:Vanguard:Cash                          600.00 USD
  Income:US:Hooli:Match401k                       -600.00 USD

2025-03-17 * "Investing 40% of cash in VBMPX"
  Assets:US:Vanguard:VBMPX                          3.558 VBMPX {134.92 USD, 2025-03-17}
  Assets:US:Vanguard:Cash                         -480.05 USD

2025-03-17 * "Investing 60% of cash in RGAGX"
  Assets:US:Vanguard:RGAGX                          9.002 RGAGX {79.98 USD, 2025-03-17}
  Assets:US:Vanguard:Cash                         -719.98 USD

2025-03-17 * "Investing 40% of cash in VBMPX"
  Assets:US:Vanguard:VBMPX                          1.779 VBMPX {134.92 USD, 2025-03-17}
  Assets:US:Vanguard:Cash                         -240.02 USD

2025-03-17 * "Investing 60% of cash in RGAGX"
  Assets:US:Vanguard:RGAGX                          4.501 RGAGX {79.98 USD, 2025-03-17}
  Assets:US:Vanguard:Cash                         -359.99 USD

2025-03-28 * "Employer match for contribution"
  Assets:US:Vanguard:Cash                          600.00 USD
  Income:US:Hooli:Match401k                       -600.00 USD

2025-03-31 * "Investing 40% of cash in VBMPX"
  Assets:US:Vanguard:VBMPX                          3.597 VBMPX {133.45 USD, 2025-03-31}
  Assets:US:Vanguard:Cash                         -480.02 USD

2025-03-31 * "Investing 60% of cash in RGAGX"
  Assets:US:Vanguard:RGAGX                          9.041 RGAGX {79.63 USD, 2025-03-31}
  Assets:US:Vanguard:Cash                         -719.93 USD

2025-03-31 * "Investing 40% of cash in VBMPX"
  Assets:US:Vanguard:VBMPX                          1.798 VBMPX {133.45 USD, 2025-03-31}
  Assets:US:Vanguard:Cash                         -239.94 USD

2025-03-31 * "Investing 60% of cash in RGAGX"
  Assets:US:Vanguard:RGAGX                          4.521 RGAGX {79.63 USD, 2025-03-31}
  Assets:US:Vanguard:Cash                         -360.01 USD

2025-04-11 * "Employer match for contribution"
  Assets:US:Vanguard:Cash                          600.00 USD
  Income:US:Hooli:Match401k                       -600.00 USD

2025-04-14 * "Investing 40% of cash in VBMPX"
  Assets:US:Vanguard:VBMPX                          3.560 VBMPX {134.83 USD, 2025-04-14}
  Assets:US:Vanguard:Cash                         -479.99 USD

2025-04-14 * "Investing 60% of cash in RGAGX"
  Assets:US:Vanguard:RGAGX                          9.042 RGAGX {79.63 USD, 2025-04-14}
  Assets:US:Vanguard:Cash                         -720.01 USD

2025-04-14 * "Investing 40% of cash in VBMPX"
  Assets:US:Vanguard:VBMPX                          1.780 VBMPX {134.83 USD, 2025-04-14}
  Assets:US:Vanguard:Cash                         -240.00 USD

2025-04-14 * "Investing 60% of cash in RGAGX"
  Assets:US:Vanguard:RGAGX                          4.521 RGAGX {79.63 USD, 2025-04-14}
  Assets:US:Vanguard:Cash                         -360.01 USD

2025-04-25 * "Employer match for contribution"
  Assets:US:Vanguard:Cash                          600.00 USD
  Income:US:Hooli:Match401k                       -600.00 USD

2025-04-28 * "Investing 40% of cash in VBMPX"
  Assets:US:Vanguard:VBMPX                          3.498 VBMPX {137.23 USD, 2025-04-28}
  Assets:US:Vanguard:Cash                         -480.03 USD

2025-04-28 * "Investing 60% of cash in RGAGX"
  Assets:US:Vanguard:RGAGX                          9.233 RGAGX {77.98 USD, 2025-04-28}
  Assets:US:Vanguard:Cash                         -719.99 USD

2025-04-28 * "Investing 40% of cash in VBMPX"
  Assets:US:Vanguard:VBMPX                          1.749 VBMPX {137.23 USD, 2025-04-28}
  Assets:US:Vanguard:Cash                         -240.02 USD

2025-04-28 * "Investing 60% of cash in RGAGX"
  Assets:US:Vanguard:RGAGX                          4.616 RGAGX {77.98 USD, 2025-04-28}
  Assets:US:Vanguard:Cash                         -359.96 USD

2025-05-09 * "Employer match for contribution"
  Assets:US:Vanguard:Cash                          600.00 USD
  Income:US:Hooli:Match401k                       -600.00 USD

2025-05-12 * "Investing 40% of cash in VBMPX"
  Assets:US:Vanguard:VBMPX                          3.513 VBMPX {136.64 USD, 2025-05-12}
  Assets:US:Vanguard:Cash                         -480.02 USD

2025-05-12 * "Investing 60% of cash in RGAGX"
  Assets:US:Vanguard:RGAGX                          9.594 RGAGX {75.05 USD, 2025-05-12}
  Assets:US:Vanguard:Cash                         -720.03 USD

2025-05-12 * "Investing 40% of cash in VBMPX"
  Assets:US:Vanguard:VBMPX                          1.756 VBMPX {136.64 USD, 2025-05-12}
  Assets:US:Vanguard:Cash                         -239.94 USD

2025-05-12 * "Investing 60% of cash in RGAGX"
  Assets:US:Vanguard:RGAGX                          4.796 RGAGX {75.05 USD, 2025-05-12}
  Assets:US:Vanguard:Cash                         -359.94 USD

2025-05-23 * "Employer match for contribution"
  Assets:US:Vanguard:Cash                          600.00 USD
  Income:US:Hooli:Match401k                       -600.00 USD

2025-05-26 * "Investing 40% of cash in VBMPX"
  Assets:US:Vanguard:VBMPX                          3.446 VBMPX {139.28 USD, 2025-05-26}
  Assets:US:Vanguard:Cash                         -479.96 USD

2025-05-26 * "Investing 60% of cash in RGAGX"
  Assets:US:Vanguard:RGAGX                          9.639 RGAGX {74.70 USD, 2025-05-26}
  Assets:US:Vanguard:Cash                         -720.03 USD

2025-05-26 * "Investing 40% of cash in VBMPX"
  Assets:US:Vanguard:VBMPX                          1.723 VBMPX {139.28 USD, 2025-05-26}
  Assets:US:Vanguard:Cash                         -239.98 USD

2025-05-26 * "Investing 60% of cash in RGAGX"
  Assets:US:Vanguard:RGAGX                          4.820 RGAGX {74.70 USD, 2025-05-26}
  Assets:US:Vanguard:Cash                         -360.05 USD

2025-06-06 * "Employer match for contribution"
  Assets:US:Vanguard:Cash                          600.00 USD
  Income:US:Hooli:Match401k                       -600.00 USD

2025-06-09 * "Investing 40% of cash in VBMPX"
  Assets:US:Vanguard:VBMPX                          3.393 VBMPX {141.48 USD, 2025-06-09}
  Assets:US:Vanguard:Cash                         -480.04 USD

2025-06-09 * "Investing 60% of cash in RGAGX"
  Assets:US:Vanguard:RGAGX                         10.174 RGAGX {70.77 USD, 2025-06-09}
  Assets:US:Vanguard:Cash                         -720.01 USD

2025-06-09 * "Investing 40% of cash in VBMPX"
  Assets:US:Vanguard:VBMPX                          1.696 VBMPX {141.48 USD, 2025-06-09}
  Assets:US:Vanguard:Cash                         -239.95 USD

2025-06-09 * "Investing 60% of cash in RGAGX"
  Assets:US:Vanguard:RGAGX                          5.087 RGAGX {70.77 USD, 2025-06-09}
  Assets:US:Vanguard:Cash                         -360.01 USD

2025-06-20 * "Employer match for contribution"
  Assets:US:Vanguard:Cash                          600.00 USD
  Income:US:Hooli:Match401k                       -600.00 USD

2025-06-23 * "Investing 40% of cash in VBMPX"
  Assets:US:Vanguard:VBMPX                          3.386 VBMPX {141.78 USD, 2025-06-23}
  Assets:US:Vanguard:Cash                         -480.07 USD

2025-06-23 * "Investing 60% of cash in RGAGX"
  Assets:US:Vanguard:RGAGX                         10.148 RGAGX {70.95 USD, 2025-06-23}
  Assets:US:Vanguard:Cash                         -720.00 USD

2025-06-23 * "Investing 40% of cash in VBMPX"
  Assets:US:Vanguard:VBMPX                          1.693 VBMPX {141.78 USD, 2025-06-23}
  Assets:US:Vanguard:Cash                         -240.03 USD

2025-06-23 * "Investing 60% of cash in RGAGX"
  Assets:US:Vanguard:RGAGX                          5.074 RGAGX {70.95 USD, 2025-06-23}
  Assets:US:Vanguard:Cash                         -360.00 USD

2025-07-04 * "Employer match for contribution"
  Assets:US:Vanguard:Cash                          600.00 USD
  Income:US:Hooli:Match401k                       -600.00 USD

2025-07-07 * "Investing 40% of cash in VBMPX"
  Assets:US:Vanguard:VBMPX                          3.324 VBMPX {144.39 USD, 2025-07-07}
  Assets:US:Vanguard:Cash                         -479.95 USD

2025-07-07 * "Investing 60% of cash in RGAGX"
  Assets:US:Vanguard:RGAGX                         10.050 RGAGX {71.64 USD, 2025-07-07}
  Assets:US:Vanguard:Cash                         -719.98 USD

2025-07-07 * "Investing 40% of cash in VBMPX"
  Assets:US:Vanguard:VBMPX                          1.662 VBMPX {144.39 USD, 2025-07-07}
  Assets:US:Vanguard:Cash                         -239.98 USD

2025-07-07 * "Investing 60% of cash in RGAGX"
  Assets:US:Vanguard:RGAGX                          5.025 RGAGX {71.64 USD, 2025-07-07}
  Assets:US:Vanguard:Cash                         -359.99 USD

2025-07-18 * "Employer match for contribution"
  Assets:US:Vanguard:Cash                          600.00 USD
  Income:US:Hooli:Match401k                       -600.00 USD

2025-07-21 * "Investing 40% of cash in VBMPX"
  Assets:US:Vanguard:VBMPX                          3.260 VBMPX {147.26 USD, 2025-07-21}
  Assets:US:Vanguard:Cash                         -480.07 USD

2025-07-21 * "Investing 60% of cash in RGAGX"
  Assets:US:Vanguard:RGAGX                         10.089 RGAGX {71.37 USD, 2025-07-21}
  Assets:US:Vanguard:Cash                         -720.05 USD

2025-07-21 * "Investing 40% of cash in VBMPX"
  Assets:US:Vanguard:VBMPX                          1.630 VBMPX {147.26 USD, 2025-07-21}
  Assets:US:Vanguard:Cash                         -240.03 USD

2025-07-21 * "Investing 60% of cash in RGAGX"
  Assets:US:Vanguard:RGAGX                          5.043 RGAGX {71.37 USD, 2025-07-21}
  Assets:US:Vanguard:Cash                         -359.92 USD

2025-08-01 * "Employer match for contribution"
  Assets:US:Vanguard:Cash                          250.00 USD
  Income:US:Hooli:Match401k                       -250.00 USD

2025-08-04 * "Investing 40% of cash in VBMPX"
  Assets:US:Vanguard:VBMPX                          1.345 VBMPX {148.66 USD, 2025-08-04}
  Assets:US:Vanguard:Cash                         -199.95 USD

2025-08-04 * "Investing 60% of cash in RGAGX"
  Assets:US:Vanguard:RGAGX                          4.261 RGAGX {70.40 USD, 2025-08-04}
  Assets:US:Vanguard:Cash                         -299.97 USD

2025-08-04 * "Investing 40% of cash in VBMPX"
  Assets:US:Vanguard:VBMPX                          0.673 VBMPX {148.66 USD, 2025-08-04}
  Assets:US:Vanguard:Cash                         -100.05 USD

2025-08-04 * "Investing 60% of cash in RGAGX"
  Assets:US:Vanguard:RGAGX                          2.131 RGAGX {70.40 USD, 2025-08-04}
  Assets:US:Vanguard:Cash                         -150.02 USD



* Sources of Income

2023-01-01 open Income:US:Hooli:Salary                      USD
2023-01-01 open Income:US:Hooli:GroupTermLife               USD
2023-01-01 open Income:US:Hooli:Vacation                    VACHR
2023-01-01 open Assets:US:Hooli:Vacation                    VACHR
2023-01-01 open Expenses:Vacation                               VACHR
2023-01-01 open Expenses:Health:Life:GroupTermLife
2023-01-01 open Expenses:Health:Medical:Insurance
2023-01-01 open Expenses:Health:Dental:Insurance
2023-01-01 open Expenses:Health:Vision:Insurance

2023-01-01 event "employer" "Hooli, 1 Carloston Rd, Mountain Beer, CA"

2023-01-05 * "Hooli" "Payroll"
  Assets:US:BofA:Checking                         1350.60 USD
  Assets:US:Vanguard:Cash                         1200.00 USD
  Income:US:Hooli:Salary                         -4615.38 USD
  Income:US:Hooli:GroupTermLife                    -24.32 USD
  Expenses:Health:Life:GroupTermLife                24.32 USD
  Expenses:Health:Dental:Insurance                   2.90 USD
  Expenses:Health:Medical:Insurance                 27.38 USD
  Expenses:Health:Vision:Insurance                  42.30 USD
  Expenses:Taxes:Y2023:US:Medicare                 106.62 USD
  Expenses:Taxes:Y2023:US:Federal                 1062.92 USD
  Expenses:Taxes:Y2023:US:State                    365.08 USD
  Expenses:Taxes:Y2023:US:CityNYC                  174.92 USD
  Expenses:Taxes:Y2023:US:SDI                        1.12 USD
  Expenses:Taxes:Y2023:US:SocSec                   281.54 USD
  Assets:US:Federal:PreTax401k                   -1200.00 IRAUSD
  Expenses:Taxes:Y2023:US:Federal:PreTax401k      1200.00 IRAUSD
  Assets:US:Hooli:Vacation                              5 VACHR
  Income:US:Hooli:Vacation                             -5 VACHR

2023-01-19 * "Hooli" "Payroll"
  Assets:US:BofA:Checking                         1350.60 USD
  Assets:US:Vanguard:Cash                         1200.00 USD
  Income:US:Hooli:Salary                         -4615.38 USD
  Income:US:Hooli:GroupTermLife                    -24.32 USD
  Expenses:Health:Life:GroupTermLife                24.32 USD
  Expenses:Health:Dental:Insurance                   2.90 USD
  Expenses:Health:Medical:Insurance                 27.38 USD
  Expenses:Health:Vision:Insurance                  42.30 USD
  Expenses:Taxes:Y2023:US:Medicare                 106.62 USD
  Expenses:Taxes:Y2023:US:Federal                 1062.92 USD
  Expenses:Taxes:Y2023:US:State                    365.08 USD
  Expenses:Taxes:Y2023:US:CityNYC                  174.92 USD
  Expenses:Taxes:Y2023:US:SDI                        1.12 USD
  Expenses:Taxes:Y2023:US:SocSec                   281.54 USD
  Assets:US:Federal:PreTax401k                   -1200.00 IRAUSD
  Expenses:Taxes:Y2023:US:Federal:PreTax401k      1200.00 IRAUSD
  Assets:US:Hooli:Vacation                              5 VACHR
  Income:US:Hooli:Vacation                             -5 VACHR

2023-02-02 * "Hooli" "Payroll"
  Assets:US:BofA:Checking                         1350.60 USD
  Assets:US:Vanguard:Cash                         1200.00 USD
  Income:US:Hooli:Salary                         -4615.38 USD
  Income:US:Hooli:GroupTermLife                    -24.32 USD
  Expenses:Health:Life:GroupTermLife                24.32 USD
  Expenses:Health:Dental:Insurance                   2.90 USD
  Expenses:Health:Medical:Insurance                 27.38 USD
  Expenses:Health:Vision:Insurance                  42.30 USD
  Expenses:Taxes:Y2023:US:Medicare                 106.62 USD
  Expenses:Taxes:Y2023:US:Federal                 1062.92 USD
  Expenses:Taxes:Y2023:US:State                    365.08 USD
  Expenses:Taxes:Y2023:US:CityNYC                  174.92 USD
  Expenses:Taxes:Y2023:US:SDI                        1.12 USD
  Expenses:Taxes:Y2023:US:SocSec                   281.54 USD
  Assets:US:Federal:PreTax401k                   -1200.00 IRAUSD
  Expenses:Taxes:Y2023:US:Federal:PreTax401k      1200.00 IRAUSD
  Assets:US:Hooli:Vacation                              5 VACHR
  Income:US:Hooli:Vacation                             -5 VACHR

2023-02-16 * "Hooli" "Payroll"
  Assets:US:BofA:Checking                         1350.60 USD
  Assets:US:Vanguard:Cash                         1200.00 USD
  Income:US:Hooli:Salary                         -4615.38 USD
  Income:US:Hooli:GroupTermLife                    -24.32 USD
  Expenses:Health:Life:GroupTermLife                24.32 USD
  Expenses:Health:Dental:Insurance                   2.90 USD
  Expenses:Health:Medical:Insurance                 27.38 USD
  Expenses:Health:Vision:Insurance                  42.30 USD
  Expenses:Taxes:Y2023:US:Medicare                 106.62 USD
  Expenses:Taxes:Y2023:US:Federal                 1062.92 USD
  Expenses:Taxes:Y2023:US:State                    365.08 USD
  Expenses:Taxes:Y2023:US:CityNYC                  174.92 USD
  Expenses:Taxes:Y2023:US:SDI                        1.12 USD
  Expenses:Taxes:Y2023:US:SocSec                   281.54 USD
  Assets:US:Federal:PreTax401k                   -1200.00 IRAUSD
  Expenses:Taxes:Y2023:US:Federal:PreTax401k      1200.00 IRAUSD
  Assets:US:Hooli:Vacation                              5 VACHR
  Income:US:Hooli:Vacation                             -5 VACHR

2023-03-02 * "Hooli" "Payroll"
  Assets:US:BofA:Checking                         1350.60 USD
  Assets:US:Vanguard:Cash                         1200.00 USD
  Income:US:Hooli:Salary                         -4615.38 USD
  Income:US:Hooli:GroupTermLife                    -24.32 USD
  Expenses:Health:Life:GroupTermLife                24.32 USD
  Expenses:Health:Dental:Insurance                   2.90 USD
  Expenses:Health:Medical:Insurance                 27.38 USD
  Expenses:Health:Vision:Insurance                  42.30 USD
  Expenses:Taxes:Y2023:US:Medicare                 106.62 USD
  Expenses:Taxes:Y2023:US:Federal                 1062.92 USD
  Expenses:Taxes:Y2023:US:State                    365.08 USD
  Expenses:Taxes:Y2023:US:CityNYC                  174.92 USD
  Expenses:Taxes:Y2023:US:SDI                        1.12 USD
  Expenses:Taxes:Y2023:US:SocSec                   281.54 USD
  Assets:US:Federal:PreTax401k                   -1200.00 IRAUSD
  Expenses:Taxes:Y2023:US:Federal:PreTax401k      1200.00 IRAUSD
  Assets:US:Hooli:Vacation                              5 VACHR
  Income:US:Hooli:Vacation                             -5 VACHR

2023-03-16 * "Hooli" "Payroll"
  Assets:US:BofA:Checking                         1350.60 USD
  Assets:US:Vanguard:Cash                         1200.00 USD
  Income:US:Hooli:Salary                         -4615.38 USD
  Income:US:Hooli:GroupTermLife                    -24.32 USD
  Expenses:Health:Life:GroupTermLife                24.32 USD
  Expenses:Health:Dental:Insurance                   2.90 USD
  Expenses:Health:Medical:Insurance                 27.38 USD
  Expenses:Health:Vision:Insurance                  42.30 USD
  Expenses:Taxes:Y2023:US:Medicare                 106.62 USD
  Expenses:Taxes:Y2023:US:Federal                 1062.92 USD
  Expenses:Taxes:Y2023:US:State                    365.08 USD
  Expenses:Taxes:Y2023:US:CityNYC                  174.92 USD
  Expenses:Taxes:Y2023:US:SDI                        1.12 USD
  Expenses:Taxes:Y2023:US:SocSec                   281.54 USD
  Assets:US:Federal:PreTax401k                   -1200.00 IRAUSD
  Expenses:Taxes:Y2023:US:Federal:PreTax401k      1200.00 IRAUSD
  Assets:US:Hooli:Vacation                              5 VACHR
  Income:US:Hooli:Vacation                             -5 VACHR

2023-03-30 * "Hooli" "Payroll"
  Assets:US:BofA:Checking                         1350.60 USD
  Assets:US:Vanguard:Cash                         1200.00 USD
  Income:US:Hooli:Salary                         -4615.38 USD
  Income:US:Hooli:GroupTermLife                    -24.32 USD
  Expenses:Health:Life:GroupTermLife                24.32 USD
  Expenses:Health:Dental:Insurance                   2.90 USD
  Expenses:Health:Medical:Insurance                 27.38 USD
  Expenses:Health:Vision:Insurance                  42.30 USD
  Expenses:Taxes:Y2023:US:Medicare                 106.62 USD
  Expenses:Taxes:Y2023:US:Federal                 1062.92 USD
  Expenses:Taxes:Y2023:US:State                    365.08 USD
  Expenses:Taxes:Y2023:US:CityNYC                  174.92 USD
  Expenses:Taxes:Y2023:US:SDI                        1.12 USD
  Expenses:Taxes:Y2023:US:SocSec                   281.54 USD
  Assets:US:Federal:PreTax401k                   -1200.00 IRAUSD
  Expenses:Taxes:Y2023:US:Federal:PreTax401k      1200.00 IRAUSD
  Assets:US:Hooli:Vacation                              5 VACHR
  Income:US:Hooli:Vacation                             -5 VACHR

2023-04-13 * "Hooli" "Payroll"
  Assets:US:BofA:Checking                         1350.60 USD
  Assets:US:Vanguard:Cash                         1200.00 USD
  Income:US:Hooli:Salary                         -4615.38 USD
  Income:US:Hooli:GroupTermLife                    -24.32 USD
  Expenses:Health:Life:GroupTermLife                24.32 USD
  Expenses:Health:Dental:Insurance                   2.90 USD
  Expenses:Health:Medical:Insurance                 27.38 USD
  Expenses:Health:Vision:Insurance                  42.30 USD
  Expenses:Taxes:Y2023:US:Medicare                 106.62 USD
  Expenses:Taxes:Y2023:US:Federal                 1062.92 USD
  Expenses:Taxes:Y2023:US:State                    365.08 USD
  Expenses:Taxes:Y2023:US:CityNYC                  174.92 USD
  Expenses:Taxes:Y2023:US:SDI                        1.12 USD
  Expenses:Taxes:Y2023:US:SocSec                   281.54 USD
  Assets:US:Federal:PreTax401k                   -1200.00 IRAUSD
  Expenses:Taxes:Y2023:US:Federal:PreTax401k      1200.00 IRAUSD
  Assets:US:Hooli:Vacation                              5 VACHR
  Income:US:Hooli:Vacation                             -5 VACHR

2023-04-27 * "Hooli" "Payroll"
  Assets:US:BofA:Checking                         1350.60 USD
  Assets:US:Vanguard:Cash                         1200.00 USD
  Income:US:Hooli:Salary                         -4615.38 USD
  Income:US:Hooli:GroupTermLife                    -24.32 USD
  Expenses:Health:Life:GroupTermLife                24.32 USD
  Expenses:Health:Dental:Insurance                   2.90 USD
  Expenses:Health:Medical:Insurance                 27.38 USD
  Expenses:Health:Vision:Insurance                  42.30 USD
  Expenses:Taxes:Y2023:US:Medicare                 106.62 USD
  Expenses:Taxes:Y2023:US:Federal                 1062.92 USD
  Expenses:Taxes:Y2023:US:State                    365.08 USD
  Expenses:Taxes:Y2023:US:CityNYC                  174.92 USD
  Expenses:Taxes:Y2023:US:SDI                        1.12 USD
  Expenses:Taxes:Y2023:US:SocSec                   281.54 USD
  Assets:US:Federal:PreTax401k                   -1200.00 IRAUSD
  Expenses:Taxes:Y2023:US:Federal:PreTax401k      1200.00 IRAUSD
  Assets:US:Hooli:Vacation                              5 VACHR
  Income:US:Hooli:Vacation                             -5 VACHR

2023-05-11 * "Hooli" "Payroll"
  Assets:US:BofA:Checking                         1350.60 USD
  Assets:US:Vanguard:Cash                         1200.00 USD
  Income:US:Hooli:Salary                         -4615.38 USD
  Income:US:Hooli:GroupTermLife                    -24.32 USD
  Expenses:Health:Life:GroupTermLife                24.32 USD
  Expenses:Health:Dental:Insurance                   2.90 USD
  Expenses:Health:Medical:Insurance                 27.38 USD
  Expenses:Health:Vision:Insurance                  42.30 USD
  Expenses:Taxes:Y2023:US:Medicare                 106.62 USD
  Expenses:Taxes:Y2023:US:Federal                 1062.92 USD
  Expenses:Taxes:Y2023:US:State                    365.08 USD
  Expenses:Taxes:Y2023:US:CityNYC                  174.92 USD
  Expenses:Taxes:Y2023:US:SDI                        1.12 USD
  Expenses:Taxes:Y2023:US:SocSec                   281.54 USD
  Assets:US:Federal:PreTax401k                   -1200.00 IRAUSD
  Expenses:Taxes:Y2023:US:Federal:PreTax401k      1200.00 IRAUSD
  Assets:US:Hooli:Vacation                              5 VACHR
  Income:US:Hooli:Vacation                             -5 VACHR

2023-05-25 * "Hooli" "Payroll"
  Assets:US:BofA:Checking                         1350.60 USD
  Assets:US:Vanguard:Cash                         1200.00 USD
  Income:US:Hooli:Salary                         -4615.38 USD
  Income:US:Hooli:GroupTermLife                    -24.32 USD
  Expenses:Health:Life:GroupTermLife                24.32 USD
  Expenses:Health:Dental:Insurance                   2.90 USD
  Expenses:Health:Medical:Insurance                 27.38 USD
  Expenses:Health:Vision:Insurance                  42.30 USD
  Expenses:Taxes:Y2023:US:Medicare                 106.62 USD
  Expenses:Taxes:Y2023:US:Federal                 1062.92 USD
  Expenses:Taxes:Y2023:US:State                    365.08 USD
  Expenses:Taxes:Y2023:US:CityNYC                  174.92 USD
  Expenses:Taxes:Y2023:US:SDI                        1.12 USD
  Expenses:Taxes:Y2023:US:SocSec                   281.54 USD
  Assets:US:Federal:PreTax401k                   -1200.00 IRAUSD
  Expenses:Taxes:Y2023:US:Federal:PreTax401k      1200.00 IRAUSD
  Assets:US:Hooli:Vacation                              5 VACHR
  Income:US:Hooli:Vacation                             -5 VACHR

2023-06-08 * "Hooli" "Payroll"
  Assets:US:BofA:Checking                         1350.60 USD
  Assets:US:Vanguard:Cash                         1200.00 USD
  Income:US:Hooli:Salary                         -4615.38 USD
  Income:US:Hooli:GroupTermLife                    -24.32 USD
  Expenses:Health:Life:GroupTermLife                24.32 USD
  Expenses:Health:Dental:Insurance                   2.90 USD
  Expenses:Health:Medical:Insurance                 27.38 USD
  Expenses:Health:Vision:Insurance                  42.30 USD
  Expenses:Taxes:Y2023:US:Medicare                 106.62 USD
  Expenses:Taxes:Y2023:US:Federal                 1062.92 USD
  Expenses:Taxes:Y2023:US:State                    365.08 USD
  Expenses:Taxes:Y2023:US:CityNYC                  174.92 USD
  Expenses:Taxes:Y2023:US:SDI                        1.12 USD
  Expenses:Taxes:Y2023:US:SocSec                   281.54 USD
  Assets:US:Federal:PreTax401k                   -1200.00 IRAUSD
  Expenses:Taxes:Y2023:US:Federal:PreTax401k      1200.00 IRAUSD
  Assets:US:Hooli:Vacation                              5 VACHR
  Income:US:Hooli:Vacation                             -5 VACHR

2023-06-22 * "Hooli" "Payroll"
  Assets:US:BofA:Checking                         1350.60 USD
  Assets:US:Vanguard:Cash                         1200.00 USD
  Income:US:Hooli:Salary                         -4615.38 USD
  Income:US:Hooli:GroupTermLife                    -24.32 USD
  Expenses:Health:Life:GroupTermLife                24.32 USD
  Expenses:Health:Dental:Insurance                   2.90 USD
  Expenses:Health:Medical:Insurance                 27.38 USD
  Expenses:Health:Vision:Insurance                  42.30 USD
  Expenses:Taxes:Y2023:US:Medicare                 106.62 USD
  Expenses:Taxes:Y2023:US:Federal                 1062.92 USD
  Expenses:Taxes:Y2023:US:State                    365.08 USD
  Expenses:Taxes:Y2023:US:CityNYC                  174.92 USD
  Expenses:Taxes:Y2023:US:SDI                        1.12 USD
  Expenses:Taxes:Y2023:US:SocSec                   281.54 USD
  Assets:US:Federal:PreTax401k                   -1200.00 IRAUSD
  Expenses:Taxes:Y2023:US:Federal:PreTax401k      1200.00 IRAUSD
  Assets:US:Hooli:Vacation                              5 VACHR
  Income:US:Hooli:Vacation                             -5 VACHR

2023-07-06 * "Hooli" "Payroll"
  Assets:US:BofA:Checking                         1350.60 USD
  Assets:US:Vanguard:Cash                         1200.00 USD
  Income:US:Hooli:Salary                         -4615.38 USD
  Income:US:Hooli:GroupTermLife                    -24.32 USD
  Expenses:Health:Life:GroupTermLife                24.32 USD
  Expenses:Health:Dental:Insurance                   2.90 USD
  Expenses:Health:Medical:Insurance                 27.38 USD
  Expenses:Health:Vision:Insurance                  42.30 USD
  Expenses:Taxes:Y2023:US:Medicare                 106.62 USD
  Expenses:Taxes:Y2023:US:Federal                 1062.92 USD
  Expenses:Taxes:Y2023:US:State                    365.08 USD
  Expenses:Taxes:Y2023:US:CityNYC                  174.92 USD
  Expenses:Taxes:Y2023:US:SDI                        1.12 USD
  Expenses:Taxes:Y2023:US:SocSec                   281.54 USD
  Assets:US:Federal:PreTax401k                   -1200.00 IRAUSD
  Expenses:Taxes:Y2023:US:Federal:PreTax401k      1200.00 IRAUSD
  Assets:US:Hooli:Vacation                              5 VACHR
  Income:US:Hooli:Vacation                             -5 VACHR

2023-07-20 * "Hooli" "Payroll"
  Assets:US:BofA:Checking                         1350.60 USD
  Assets:US:Vanguard:Cash                         1200.00 USD
  Income:US:Hooli:Salary                         -4615.38 USD
  Income:US:Hooli:GroupTermLife                    -24.32 USD
  Expenses:Health:Life:GroupTermLife                24.32 USD
  Expenses:Health:Dental:Insurance                   2.90 USD
  Expenses:Health:Medical:Insurance                 27.38 USD
  Expenses:Health:Vision:Insurance                  42.30 USD
  Expenses:Taxes:Y2023:US:Medicare                 106.62 USD
  Expenses:Taxes:Y2023:US:Federal                 1062.92 USD
  Expenses:Taxes:Y2023:US:State                    365.08 USD
  Expenses:Taxes:Y2023:US:CityNYC                  174.92 USD
  Expenses:Taxes:Y2023:US:SDI                        1.12 USD
  Expenses:Taxes:Y2023:US:SocSec                   281.54 USD
  Assets:US:Federal:PreTax401k                   -1200.00 IRAUSD
  Expenses:Taxes:Y2023:US:Federal:PreTax401k      1200.00 IRAUSD
  Assets:US:Hooli:Vacation                              5 VACHR
  Income:US:Hooli:Vacation                             -5 VACHR

2023-08-03 * "Hooli" "Payroll"
  Assets:US:BofA:Checking                         2050.60 USD
  Assets:US:Vanguard:Cash                          500.00 USD
  Income:US:Hooli:Salary                         -4615.38 USD
  Income:US:Hooli:GroupTermLife                    -24.32 USD
  Expenses:Health:Life:GroupTermLife                24.32 USD
  Expenses:Health:Dental:Insurance                   2.90 USD
  Expenses:Health:Medical:Insurance                 27.38 USD
  Expenses:Health:Vision:Insurance                  42.30 USD
  Expenses:Taxes:Y2023:US:Medicare                 106.62 USD
  Expenses:Taxes:Y2023:US:Federal                 1062.92 USD
  Expenses:Taxes:Y2023:US:State                    365.08 USD
  Expenses:Taxes:Y2023:US:CityNYC                  174.92 USD
  Expenses:Taxes:Y2023:US:SDI                        1.12 USD
  Expenses:Taxes:Y2023:US:SocSec                   281.54 USD
  Assets:US:Federal:PreTax401k                    -500.00 IRAUSD
  Expenses:Taxes:Y2023:US:Federal:PreTax401k       500.00 IRAUSD
  Assets:US:Hooli:Vacation                              5 VACHR
  Income:US:Hooli:Vacation                             -5 VACHR

2023-08-17 * "Hooli" "Payroll"
  Assets:US:BofA:Checking                         2550.60 USD
  Income:US:Hooli:Salary                         -4615.38 USD
  Income:US:Hooli:GroupTermLife                    -24.32 USD
  Expenses:Health:Life:GroupTermLife                24.32 USD
  Expenses:Health:Dental:Insurance                   2.90 USD
  Expenses:Health:Medical:Insurance                 27.38 USD
  Expenses:Health:Vision:Insurance                  42.30 USD
  Expenses:Taxes:Y2023:US:Medicare                 106.62 USD
  Expenses:Taxes:Y2023:US:Federal                 1062.92 USD
  Expenses:Taxes:Y2023:US:State                    365.08 USD
  Expenses:Taxes:Y2023:US:CityNYC                  174.92 USD
  Expenses:Taxes:Y2023:US:SDI                        1.12 USD
  Expenses:Taxes:Y2023:US:SocSec                   281.54 USD
  Assets:US:Hooli:Vacation                              5 VACHR
  Income:US:Hooli:Vacation                             -5 VACHR

2023-08-31 * "Hooli" "Payroll"
  Assets:US:BofA:Checking                         2550.60 USD
  Income:US:Hooli:Salary                         -4615.38 USD
  Income:US:Hooli:GroupTermLife                    -24.32 USD
  Expenses:Health:Life:GroupTermLife                24.32 USD
  Expenses:Health:Dental:Insurance                   2.90 USD
  Expenses:Health:Medical:Insurance                 27.38 USD
  Expenses:Health:Vision:Insurance                  42.30 USD
  Expenses:Taxes:Y2023:US:Medicare                 106.62 USD
  Expenses:Taxes:Y2023:US:Federal                 1062.92 USD
  Expenses:Taxes:Y2023:US:State                    365.08 USD
  Expenses:Taxes:Y2023:US:CityNYC                  174.92 USD
  Expenses:Taxes:Y2023:US:SDI                        1.12 USD
  Expenses:Taxes:Y2023:US:SocSec                   281.54 USD
  Assets:US:Hooli:Vacation                              5 VACHR
  Income:US:Hooli:Vacation                             -5 VACHR

2023-09-14 * "Hooli" "Payroll"
  Assets:US:BofA:Checking                         2550.60 USD
  Income:US:Hooli:Salary                         -4615.38 USD
  Income:US:Hooli:GroupTermLife                    -24.32 USD
  Expenses:Health:Life:GroupTermLife                24.32 USD
  Expenses:Health:Dental:Insurance                   2.90 USD
  Expenses:Health:Medical:Insurance                 27.38 USD
  Expenses:Health:Vision:Insurance                  42.30 USD
  Expenses:Taxes:Y2023:US:Medicare                 106.62 USD
  Expenses:Taxes:Y2023:US:Federal                 1062.92 USD
  Expenses:Taxes:Y2023:US:State                    365.08 USD
  Expenses:Taxes:Y2023:US:CityNYC                  174.92 USD
  Expenses:Taxes:Y2023:US:SDI                        1.12 USD
  Expenses:Taxes:Y2023:US:SocSec                   281.54 USD
  Assets:US:Hooli:Vacation                              5 VACHR
  Income:US:Hooli:Vacation                             -5 VACHR

2023-09-28 * "Hooli" "Payroll"
  Assets:US:BofA:Checking                         2550.60 USD
  Income:US:Hooli:Salary                         -4615.38 USD
  Income:US:Hooli:GroupTermLife                    -24.32 USD
  Expenses:Health:Life:GroupTermLife                24.32 USD
  Expenses:Health:Dental:Insurance                   2.90 USD
  Expenses:Health:Medical:Insurance                 27.38 USD
  Expenses:Health:Vision:Insurance                  42.30 USD
  Expenses:Taxes:Y2023:US:Medicare                 106.62 USD
  Expenses:Taxes:Y2023:US:Federal                 1062.92 USD
  Expenses:Taxes:Y2023:US:State                    365.08 USD
  Expenses:Taxes:Y2023:US:CityNYC                  174.92 USD
  Expenses:Taxes:Y2023:US:SDI                        1.12 USD
  Expenses:Taxes:Y2023:US:SocSec                   281.54 USD
  Assets:US:Hooli:Vacation                              5 VACHR
  Income:US:Hooli:Vacation                             -5 VACHR

2023-10-12 * "Hooli" "Payroll"
  Assets:US:BofA:Checking                         2550.60 USD
  Income:US:Hooli:Salary                         -4615.38 USD
  Income:US:Hooli:GroupTermLife                    -24.32 USD
  Expenses:Health:Life:GroupTermLife                24.32 USD
  Expenses:Health:Dental:Insurance                   2.90 USD
  Expenses:Health:Medical:Insurance                 27.38 USD
  Expenses:Health:Vision:Insurance                  42.30 USD
  Expenses:Taxes:Y2023:US:Medicare                 106.62 USD
  Expenses:Taxes:Y2023:US:Federal                 1062.92 USD
  Expenses:Taxes:Y2023:US:State                    365.08 USD
  Expenses:Taxes:Y2023:US:CityNYC                  174.92 USD
  Expenses:Taxes:Y2023:US:SDI                        1.12 USD
  Expenses:Taxes:Y2023:US:SocSec                   281.54 USD
  Assets:US:Hooli:Vacation                              5 VACHR
  Income:US:Hooli:Vacation                             -5 VACHR

2023-10-26 * "Hooli" "Payroll"
  Assets:US:BofA:Checking                         2550.60 USD
  Income:US:Hooli:Salary                         -4615.38 USD
  Income:US:Hooli:GroupTermLife                    -24.32 USD
  Expenses:Health:Life:GroupTermLife                24.32 USD
  Expenses:Health:Dental:Insurance                   2.90 USD
  Expenses:Health:Medical:Insurance                 27.38 USD
  Expenses:Health:Vision:Insurance                  42.30 USD
  Expenses:Taxes:Y2023:US:Medicare                 106.62 USD
  Expenses:Taxes:Y2023:US:Federal                 1062.92 USD
  Expenses:Taxes:Y2023:US:State                    365.08 USD
  Expenses:Taxes:Y2023:US:CityNYC                  174.92 USD
  Expenses:Taxes:Y2023:US:SDI                        1.12 USD
  Expenses:Taxes:Y2023:US:SocSec                   281.54 USD
  Assets:US:Hooli:Vacation                              5 VACHR
  Income:US:Hooli:Vacation                             -5 VACHR

2023-11-09 * "Hooli" "Payroll"
  Assets:US:BofA:Checking                         2550.60 USD
  Income:US:Hooli:Salary                         -4615.38 USD
  Income:US:Hooli:GroupTermLife                    -24.32 USD
  Expenses:Health:Life:GroupTermLife                24.32 USD
  Expenses:Health:Dental:Insurance                   2.90 USD
  Expenses:Health:Medical:Insurance                 27.38 USD
  Expenses:Health:Vision:Insurance                  42.30 USD
  Expenses:Taxes:Y2023:US:Medicare                 106.62 USD
  Expenses:Taxes:Y2023:US:Federal                 1062.92 USD
  Expenses:Taxes:Y2023:US:State                    365.08 USD
  Expenses:Taxes:Y2023:US:CityNYC                  174.92 USD
  Expenses:Taxes:Y2023:US:SDI                        1.12 USD
  Expenses:Taxes:Y2023:US:SocSec                   281.54 USD
  Assets:US:Hooli:Vacation                              5 VACHR
  Income:US:Hooli:Vacation                             -5 VACHR

2023-11-23 * "Hooli" "Payroll"
  Assets:US:BofA:Checking                         2550.60 USD
  Income:US:Hooli:Salary                         -4615.38 USD
  Income:US:Hooli:GroupTermLife                    -24.32 USD
  Expenses:Health:Life:GroupTermLife                24.32 USD
  Expenses:Health:Dental:Insurance                   2.90 USD
  Expenses:Health:Medical:Insurance                 27.38 USD
  Expenses:Health:Vision:Insurance                  42.30 USD
  Expenses:Taxes:Y2023:US:Medicare                 106.62 USD
  Expenses:Taxes:Y2023:US:Federal                 1062.92 USD
  Expenses:Taxes:Y2023:US:State                    365.08 USD
  Expenses:Taxes:Y2023:US:CityNYC                  174.92 USD
  Expenses:Taxes:Y2023:US:SDI                        1.12 USD
  Expenses:Taxes:Y2023:US:SocSec                   281.54 USD
  Assets:US:Hooli:Vacation                              5 VACHR
  Income:US:Hooli:Vacation                             -5 VACHR

2023-12-07 * "Hooli" "Payroll"
  Assets:US:BofA:Checking                         2589.06 USD
  Income:US:Hooli:Salary                         -4615.38 USD
  Income:US:Hooli:GroupTermLife                    -24.32 USD
  Expenses:Health:Life:GroupTermLife                24.32 USD
  Expenses:Health:Dental:Insurance                   2.90 USD
  Expenses:Health:Medical:Insurance                 27.38 USD
  Expenses:Health:Vision:Insurance                  42.30 USD
  Expenses:Taxes:Y2023:US:Medicare                 106.62 USD
  Expenses:Taxes:Y2023:US:Federal                 1062.92 USD
  Expenses:Taxes:Y2023:US:State                    365.08 USD
  Expenses:Taxes:Y2023:US:CityNYC                  174.92 USD
  Expenses:Taxes:Y2023:US:SDI                        1.12 USD
  Expenses:Taxes:Y2023:US:SocSec                   243.08 USD
  Assets:US:Hooli:Vacation                              5 VACHR
  Income:US:Hooli:Vacation                             -5 VACHR

2023-12-21 * "Hooli" "Payroll"
  Assets:US:BofA:Checking                         2832.14 USD
  Income:US:Hooli:Salary                         -4615.38 USD
  Income:US:Hooli:GroupTermLife                    -24.32 USD
  Expenses:Health:Life:GroupTermLife                24.32 USD
  Expenses:Health:Dental:Insurance                   2.90 USD
  Expenses:Health:Medical:Insurance                 27.38 USD
  Expenses:Health:Vision:Insurance                  42.30 USD
  Expenses:Taxes:Y2023:US:Medicare                 106.62 USD
  Expenses:Taxes:Y2023:US:Federal                 1062.92 USD
  Expenses:Taxes:Y2023:US:State                    365.08 USD
  Expenses:Taxes:Y2023:US:CityNYC                  174.92 USD
  Expenses:Taxes:Y2023:US:SDI                        1.12 USD
  Expenses:Taxes:Y2023:US:SocSec                     0.00 USD
  Assets:US:Hooli:Vacation                              5 VACHR
  Income:US:Hooli:Vacation                             -5 VACHR

2024-01-04 * "Hooli" "Payroll"
  Assets:US:BofA:Checking                         1350.60 USD
  Assets:US:Vanguard:Cash                         1200.00 USD
  Income:US:Hooli:Salary                         -4615.38 USD
  Income:US:Hooli:GroupTermLife                    -24.32 USD
  Expenses:Health:Life:GroupTermLife                24.32 USD
  Expenses:Health:Dental:Insurance                   2.90 USD
  Expenses:Health:Medical:Insurance                 27.38 USD
  Expenses:Health:Vision:Insurance                  42.30 USD
  Expenses:Taxes:Y2024:US:Medicare                 106.62 USD
  Expenses:Taxes:Y2024:US:Federal                 1062.92 USD
  Expenses:Taxes:Y2024:US:State                    365.08 USD
  Expenses:Taxes:Y2024:US:CityNYC                  174.92 USD
  Expenses:Taxes:Y2024:US:SDI                        1.12 USD
  Expenses:Taxes:Y2024:US:SocSec                   281.54 USD
  Assets:US:Federal:PreTax401k                   -1200.00 IRAUSD
  Expenses:Taxes:Y2024:US:Federal:PreTax401k      1200.00 IRAUSD
  Assets:US:Hooli:Vacation                              5 VACHR
  Income:US:Hooli:Vacation                             -5 VACHR

2024-01-18 * "Hooli" "Payroll"
  Assets:US:BofA:Checking                         1350.60 USD
  Assets:US:Vanguard:Cash                         1200.00 USD
  Income:US:Hooli:Salary                         -4615.38 USD
  Income:US:Hooli:GroupTermLife                    -24.32 USD
  Expenses:Health:Life:GroupTermLife                24.32 USD
  Expenses:Health:Dental:Insurance                   2.90 USD
  Expenses:Health:Medical:Insurance                 27.38 USD
  Expenses:Health:Vision:Insurance                  42.30 USD
  Expenses:Taxes:Y2024:US:Medicare                 106.62 USD
  Expenses:Taxes:Y2024:US:Federal                 1062.92 USD
  Expenses:Taxes:Y2024:US:State                    365.08 USD
  Expenses:Taxes:Y2024:US:CityNYC                  174.92 USD
  Expenses:Taxes:Y2024:US:SDI                        1.12 USD
  Expenses:Taxes:Y2024:US:SocSec                   281.54 USD
  Assets:US:Federal:PreTax401k                   -1200.00 IRAUSD
  Expenses:Taxes:Y2024:US:Federal:PreTax401k      1200.00 IRAUSD
  Assets:US:Hooli:Vacation                              5 VACHR
  Income:US:Hooli:Vacation                             -5 VACHR

2024-02-01 * "Hooli" "Payroll"
  Assets:US:BofA:Checking                         1350.60 USD
  Assets:US:Vanguard:Cash                         1200.00 USD
  Income:US:Hooli:Salary                         -4615.38 USD
  Income:US:Hooli:GroupTermLife                    -24.32 USD
  Expenses:Health:Life:GroupTermLife                24.32 USD
  Expenses:Health:Dental:Insurance                   2.90 USD
  Expenses:Health:Medical:Insurance                 27.38 USD
  Expenses:Health:Vision:Insurance                  42.30 USD
  Expenses:Taxes:Y2024:US:Medicare                 106.62 USD
  Expenses:Taxes:Y2024:US:Federal                 1062.92 USD
  Expenses:Taxes:Y2024:US:State                    365.08 USD
  Expenses:Taxes:Y2024:US:CityNYC                  174.92 USD
  Expenses:Taxes:Y2024:US:SDI                        1.12 USD
  Expenses:Taxes:Y2024:US:SocSec                   281.54 USD
  Assets:US:Federal:PreTax401k                   -1200.00 IRAUSD
  Expenses:Taxes:Y2024:US:Federal:PreTax401k      1200.00 IRAUSD
  Assets:US:Hooli:Vacation                              5 VACHR
  Income:US:Hooli:Vacation                             -5 VACHR

2024-02-15 * "Hooli" "Payroll"
  Assets:US:BofA:Checking                         1350.60 USD
  Assets:US:Vanguard:Cash                         1200.00 USD
  Income:US:Hooli:Salary                         -4615.38 USD
  Income:US:Hooli:GroupTermLife                    -24.32 USD
  Expenses:Health:Life:GroupTermLife                24.32 USD
  Expenses:Health:Dental:Insurance                   2.90 USD
  Expenses:Health:Medical:Insurance                 27.38 USD
  Expenses:Health:Vision:Insurance                  42.30 USD
  Expenses:Taxes:Y2024:US:Medicare                 106.62 USD
  Expenses:Taxes:Y2024:US:Federal                 1062.92 USD
  Expenses:Taxes:Y2024:US:State                    365.08 USD
  Expenses:Taxes:Y2024:US:CityNYC                  174.92 USD
  Expenses:Taxes:Y2024:US:SDI                        1.12 USD
  Expenses:Taxes:Y2024:US:SocSec                   281.54 USD
  Assets:US:Federal:PreTax401k                   -1200.00 IRAUSD
  Expenses:Taxes:Y2024:US:Federal:PreTax401k      1200.00 IRAUSD
  Assets:US:Hooli:Vacation                              5 VACHR
  Income:US:Hooli:Vacation                             -5 VACHR

2024-02-29 * "Hooli" "Payroll"
  Assets:US:BofA:Checking                         1350.60 USD
  Assets:US:Vanguard:Cash                         1200.00 USD
  Income:US:Hooli:Salary                         -4615.38 USD
  Income:US:Hooli:GroupTermLife                    -24.32 USD
  Expenses:Health:Life:GroupTermLife                24.32 USD
  Expenses:Health:Dental:Insurance                   2.90 USD
  Expenses:Health:Medical:Insurance                 27.38 USD
  Expenses:Health:Vision:Insurance                  42.30 USD
  Expenses:Taxes:Y2024:US:Medicare                 106.62 USD
  Expenses:Taxes:Y2024:US:Federal                 1062.92 USD
  Expenses:Taxes:Y2024:US:State                    365.08 USD
  Expenses:Taxes:Y2024:US:CityNYC                  174.92 USD
  Expenses:Taxes:Y2024:US:SDI                        1.12 USD
  Expenses:Taxes:Y2024:US:SocSec                   281.54 USD
  Assets:US:Federal:PreTax401k                   -1200.00 IRAUSD
  Expenses:Taxes:Y2024:US:Federal:PreTax401k      1200.00 IRAUSD
  Assets:US:Hooli:Vacation                              5 VACHR
  Income:US:Hooli:Vacation                             -5 VACHR

2024-03-14 * "Hooli" "Payroll"
  Assets:US:BofA:Checking                         1350.60 USD
  Assets:US:Vanguard:Cash                         1200.00 USD
  Income:US:Hooli:Salary                         -4615.38 USD
  Income:US:Hooli:GroupTermLife                    -24.32 USD
  Expenses:Health:Life:GroupTermLife                24.32 USD
  Expenses:Health:Dental:Insurance                   2.90 USD
  Expenses:Health:Medical:Insurance                 27.38 USD
  Expenses:Health:Vision:Insurance                  42.30 USD
  Expenses:Taxes:Y2024:US:Medicare                 106.62 USD
  Expenses:Taxes:Y2024:US:Federal                 1062.92 USD
  Expenses:Taxes:Y2024:US:State                    365.08 USD
  Expenses:Taxes:Y2024:US:CityNYC                  174.92 USD
  Expenses:Taxes:Y2024:US:SDI                        1.12 USD
  Expenses:Taxes:Y2024:US:SocSec                   281.54 USD
  Assets:US:Federal:PreTax401k                   -1200.00 IRAUSD
  Expenses:Taxes:Y2024:US:Federal:PreTax401k      1200.00 IRAUSD
  Assets:US:Hooli:Vacation                              5 VACHR
  Income:US:Hooli:Vacation                             -5 VACHR

2024-03-28 * "Hooli" "Payroll"
  Assets:US:BofA:Checking                         1350.60 USD
  Assets:US:Vanguard:Cash                         1200.00 USD
  Income:US:Hooli:Salary                         -4615.38 USD
  Income:US:Hooli:GroupTermLife                    -24.32 USD
  Expenses:Health:Life:GroupTermLife                24.32 USD
  Expenses:Health:Dental:Insurance                   2.90 USD
  Expenses:Health:Medical:Insurance                 27.38 USD
  Expenses:Health:Vision:Insurance                  42.30 USD
  Expenses:Taxes:Y2024:US:Medicare                 106.62 USD
  Expenses:Taxes:Y2024:US:Federal                 1062.92 USD
  Expenses:Taxes:Y2024:US:State                    365.08 USD
  Expenses:Taxes:Y2024:US:CityNYC                  174.92 USD
  Expenses:Taxes:Y2024:US:SDI                        1.12 USD
  Expenses:Taxes:Y2024:US:SocSec                   281.54 USD
  Assets:US:Federal:PreTax401k                   -1200.00 IRAUSD
  Expenses:Taxes:Y2024:US:Federal:PreTax401k      1200.00 IRAUSD
  Assets:US:Hooli:Vacation                              5 VACHR
  Income:US:Hooli:Vacation                             -5 VACHR

2024-04-11 * "Hooli" "Payroll"
  Assets:US:BofA:Checking                         1350.60 USD
  Assets:US:Vanguard:Cash                         1200.00 USD
  Income:US:Hooli:Salary                         -4615.38 USD
  Income:US:Hooli:GroupTermLife                    -24.32 USD
  Expenses:Health:Life:GroupTermLife                24.32 USD
  Expenses:Health:Dental:Insurance                   2.90 USD
  Expenses:Health:Medical:Insurance                 27.38 USD
  Expenses:Health:Vision:Insurance                  42.30 USD
  Expenses:Taxes:Y2024:US:Medicare                 106.62 USD
  Expenses:Taxes:Y2024:US:Federal                 1062.92 USD
  Expenses:Taxes:Y2024:US:State                    365.08 USD
  Expenses:Taxes:Y2024:US:CityNYC                  174.92 USD
  Expenses:Taxes:Y2024:US:SDI                        1.12 USD
  Expenses:Taxes:Y2024:US:SocSec                   281.54 USD
  Assets:US:Federal:PreTax401k                   -1200.00 IRAUSD
  Expenses:Taxes:Y2024:US:Federal:PreTax401k      1200.00 IRAUSD
  Assets:US:Hooli:Vacation                              5 VACHR
  Income:US:Hooli:Vacation                             -5 VACHR

2024-04-25 * "Hooli" "Payroll"
  Assets:US:BofA:Checking                         1350.60 USD
  Assets:US:Vanguard:Cash                         1200.00 USD
  Income:US:Hooli:Salary                         -4615.38 USD
  Income:US:Hooli:GroupTermLife                    -24.32 USD
  Expenses:Health:Life:GroupTermLife                24.32 USD
  Expenses:Health:Dental:Insurance                   2.90 USD
  Expenses:Health:Medical:Insurance                 27.38 USD
  Expenses:Health:Vision:Insurance                  42.30 USD
  Expenses:Taxes:Y2024:US:Medicare                 106.62 USD
  Expenses:Taxes:Y2024:US:Federal                 1062.92 USD
  Expenses:Taxes:Y2024:US:State                    365.08 USD
  Expenses:Taxes:Y2024:US:CityNYC                  174.92 USD
  Expenses:Taxes:Y2024:US:SDI                        1.12 USD
  Expenses:Taxes:Y2024:US:SocSec                   281.54 USD
  Assets:US:Federal:PreTax401k                   -1200.00 IRAUSD
  Expenses:Taxes:Y2024:US:Federal:PreTax401k      1200.00 IRAUSD
  Assets:US:Hooli:Vacation                              5 VACHR
  Income:US:Hooli:Vacation                             -5 VACHR

2024-05-09 * "Hooli" "Payroll"
  Assets:US:BofA:Checking                         1350.60 USD
  Assets:US:Vanguard:Cash                         1200.00 USD
  Income:US:Hooli:Salary                         -4615.38 USD
  Income:US:Hooli:GroupTermLife                    -24.32 USD
  Expenses:Health:Life:GroupTermLife                24.32 USD
  Expenses:Health:Dental:Insurance                   2.90 USD
  Expenses:Health:Medical:Insurance                 27.38 USD
  Expenses:Health:Vision:Insurance                  42.30 USD
  Expenses:Taxes:Y2024:US:Medicare                 106.62 USD
  Expenses:Taxes:Y2024:US:Federal                 1062.92 USD
  Expenses:Taxes:Y2024:US:State                    365.08 USD
  Expenses:Taxes:Y2024:US:CityNYC                  174.92 USD
  Expenses:Taxes:Y2024:US:SDI                        1.12 USD
  Expenses:Taxes:Y2024:US:SocSec                   281.54 USD
  Assets:US:Federal:PreTax401k                   -1200.00 IRAUSD
  Expenses:Taxes:Y2024:US:Federal:PreTax401k      1200.00 IRAUSD
  Assets:US:Hooli:Vacation                              5 VACHR
  Income:US:Hooli:Vacation                             -5 VACHR

2024-05-23 * "Hooli" "Payroll"
  Assets:US:BofA:Checking                         1350.60 USD
  Assets:US:Vanguard:Cash                         1200.00 USD
  Income:US:Hooli:Salary                         -4615.38 USD
  Income:US:Hooli:GroupTermLife                    -24.32 USD
  Expenses:Health:Life:GroupTermLife                24.32 USD
  Expenses:Health:Dental:Insurance                   2.90 USD
  Expenses:Health:Medical:Insurance                 27.38 USD
  Expenses:Health:Vision:Insurance                  42.30 USD
  Expenses:Taxes:Y2024:US:Medicare                 106.62 USD
  Expenses:Taxes:Y2024:US:Federal                 1062.92 USD
  Expenses:Taxes:Y2024:US:State                    365.08 USD
  Expenses:Taxes:Y2024:US:CityNYC                  174.92 USD
  Expenses:Taxes:Y2024:US:SDI                        1.12 USD
  Expenses:Taxes:Y2024:US:SocSec                   281.54 USD
  Assets:US:Federal:PreTax401k                   -1200.00 IRAUSD
  Expenses:Taxes:Y2024:US:Federal:PreTax401k      1200.00 IRAUSD
  Assets:US:Hooli:Vacation                              5 VACHR
  Income:US:Hooli:Vacation                             -5 VACHR

2024-06-06 * "Hooli" "Payroll"
  Assets:US:BofA:Checking                         1350.60 USD
  Assets:US:Vanguard:Cash                         1200.00 USD
  Income:US:Hooli:Salary                         -4615.38 USD
  Income:US:Hooli:GroupTermLife                    -24.32 USD
  Expenses:Health:Life:GroupTermLife                24.32 USD
  Expenses:Health:Dental:Insurance                   2.90 USD
  Expenses:Health:Medical:Insurance                 27.38 USD
  Expenses:Health:Vision:Insurance                  42.30 USD
  Expenses:Taxes:Y2024:US:Medicare                 106.62 USD
  Expenses:Taxes:Y2024:US:Federal                 1062.92 USD
  Expenses:Taxes:Y2024:US:State                    365.08 USD
  Expenses:Taxes:Y2024:US:CityNYC                  174.92 USD
  Expenses:Taxes:Y2024:US:SDI                        1.12 USD
  Expenses:Taxes:Y2024:US:SocSec                   281.54 USD
  Assets:US:Federal:PreTax401k                   -1200.00 IRAUSD
  Expenses:Taxes:Y2024:US:Federal:PreTax401k      1200.00 IRAUSD
  Assets:US:Hooli:Vacation                              5 VACHR
  Income:US:Hooli:Vacation                             -5 VACHR

2024-06-20 * "Hooli" "Payroll"
  Assets:US:BofA:Checking                         1350.60 USD
  Assets:US:Vanguard:Cash                         1200.00 USD
  Income:US:Hooli:Salary                         -4615.38 USD
  Income:US:Hooli:GroupTermLife                    -24.32 USD
  Expenses:Health:Life:GroupTermLife                24.32 USD
  Expenses:Health:Dental:Insurance                   2.90 USD
  Expenses:Health:Medical:Insurance                 27.38 USD
  Expenses:Health:Vision:Insurance                  42.30 USD
  Expenses:Taxes:Y2024:US:Medicare                 106.62 USD
  Expenses:Taxes:Y2024:US:Federal                 1062.92 USD
  Expenses:Taxes:Y2024:US:State                    365.08 USD
  Expenses:Taxes:Y2024:US:CityNYC                  174.92 USD
  Expenses:Taxes:Y2024:US:SDI                        1.12 USD
  Expenses:Taxes:Y2024:US:SocSec                   281.54 USD
  Assets:US:Federal:PreTax401k                   -1200.00 IRAUSD
  Expenses:Taxes:Y2024:US:Federal:PreTax401k      1200.00 IRAUSD
  Assets:US:Hooli:Vacation                              5 VACHR
  Income:US:Hooli:Vacation                             -5 VACHR

2024-07-04 * "Hooli" "Payroll"
  Assets:US:BofA:Checking                         1350.60 USD
  Assets:US:Vanguard:Cash                         1200.00 USD
  Income:US:Hooli:Salary                         -4615.38 USD
  Income:US:Hooli:GroupTermLife                    -24.32 USD
  Expenses:Health:Life:GroupTermLife                24.32 USD
  Expenses:Health:Dental:Insurance                   2.90 USD
  Expenses:Health:Medical:Insurance                 27.38 USD
  Expenses:Health:Vision:Insurance                  42.30 USD
  Expenses:Taxes:Y2024:US:Medicare                 106.62 USD
  Expenses:Taxes:Y2024:US:Federal                 1062.92 USD
  Expenses:Taxes:Y2024:US:State                    365.08 USD
  Expenses:Taxes:Y2024:US:CityNYC                  174.92 USD
  Expenses:Taxes:Y2024:US:SDI                        1.12 USD
  Expenses:Taxes:Y2024:US:SocSec                   281.54 USD
  Assets:US:Federal:PreTax401k                   -1200.00 IRAUSD
  Expenses:Taxes:Y2024:US:Federal:PreTax401k      1200.00 IRAUSD
  Assets:US:Hooli:Vacation                              5 VACHR
  Income:US:Hooli:Vacation                             -5 VACHR

2024-07-18 * "Hooli" "Payroll"
  Assets:US:BofA:Checking                         1350.60 USD
  Assets:US:Vanguard:Cash                         1200.00 USD
  Income:US:Hooli:Salary                         -4615.38 USD
  Income:US:Hooli:GroupTermLife                    -24.32 USD
  Expenses:Health:Life:GroupTermLife                24.32 USD
  Expenses:Health:Dental:Insurance                   2.90 USD
  Expenses:Health:Medical:Insurance                 27.38 USD
  Expenses:Health:Vision:Insurance                  42.30 USD
  Expenses:Taxes:Y2024:US:Medicare                 106.62 USD
  Expenses:Taxes:Y2024:US:Federal                 1062.92 USD
  Expenses:Taxes:Y2024:US:State                    365.08 USD
  Expenses:Taxes:Y2024:US:CityNYC                  174.92 USD
  Expenses:Taxes:Y2024:US:SDI                        1.12 USD
  Expenses:Taxes:Y2024:US:SocSec                   281.54 USD
  Assets:US:Federal:PreTax401k                   -1200.00 IRAUSD
  Expenses:Taxes:Y2024:US:Federal:PreTax401k      1200.00 IRAUSD
  Assets:US:Hooli:Vacation                              5 VACHR
  Income:US:Hooli:Vacation                             -5 VACHR

2024-08-01 * "Hooli" "Payroll"
  Assets:US:BofA:Checking                         2050.60 USD
  Assets:US:Vanguard:Cash                          500.00 USD
  Income:US:Hooli:Salary                         -4615.38 USD
  Income:US:Hooli:GroupTermLife                    -24.32 USD
  Expenses:Health:Life:GroupTermLife                24.32 USD
  Expenses:Health:Dental:Insurance                   2.90 USD
  Expenses:Health:Medical:Insurance                 27.38 USD
  Expenses:Health:Vision:Insurance                  42.30 USD
  Expenses:Taxes:Y2024:US:Medicare                 106.62 USD
  Expenses:Taxes:Y2024:US:Federal                 1062.92 USD
  Expenses:Taxes:Y2024:US:State                    365.08 USD
  Expenses:Taxes:Y2024:US:CityNYC                  174.92 USD
  Expenses:Taxes:Y2024:US:SDI                        1.12 USD
  Expenses:Taxes:Y2024:US:SocSec                   281.54 USD
  Assets:US:Federal:PreTax401k                    -500.00 IRAUSD
  Expenses:Taxes:Y2024:US:Federal:PreTax401k       500.00 IRAUSD
  Assets:US:Hooli:Vacation                              5 VACHR
  Income:US:Hooli:Vacation                             -5 VACHR

2024-08-15 * "Hooli" "Payroll"
  Assets:US:BofA:Checking                         2550.60 USD
  Income:US:Hooli:Salary                         -4615.38 USD
  Income:US:Hooli:GroupTermLife                    -24.32 USD
  Expenses:Health:Life:GroupTermLife                24.32 USD
  Expenses:Health:Dental:Insurance                   2.90 USD
  Expenses:Health:Medical:Insurance                 27.38 USD
  Expenses:Health:Vision:Insurance                  42.30 USD
  Expenses:Taxes:Y2024:US:Medicare                 106.62 USD
  Expenses:Taxes:Y2024:US:Federal                 1062.92 USD
  Expenses:Taxes:Y2024:US:State                    365.08 USD
  Expenses:Taxes:Y2024:US:CityNYC                  174.92 USD
  Expenses:Taxes:Y2024:US:SDI                        1.12 USD
  Expenses:Taxes:Y2024:US:SocSec                   281.54 USD
  Assets:US:Hooli:Vacation                              5 VACHR
  Income:US:Hooli:Vacation                             -5 VACHR

2024-08-29 * "Hooli" "Payroll"
  Assets:US:BofA:Checking                         2550.60 USD
  Income:US:Hooli:Salary                         -4615.38 USD
  Income:US:Hooli:GroupTermLife                    -24.32 USD
  Expenses:Health:Life:GroupTermLife                24.32 USD
  Expenses:Health:Dental:Insurance                   2.90 USD
  Expenses:Health:Medical:Insurance                 27.38 USD
  Expenses:Health:Vision:Insurance                  42.30 USD
  Expenses:Taxes:Y2024:US:Medicare                 106.62 USD
  Expenses:Taxes:Y2024:US:Federal                 1062.92 USD
  Expenses:Taxes:Y2024:US:State                    365.08 USD
  Expenses:Taxes:Y2024:US:CityNYC                  174.92 USD
  Expenses:Taxes:Y2024:US:SDI                        1.12 USD
  Expenses:Taxes:Y2024:US:SocSec                   281.54 USD
  Assets:US:Hooli:Vacation                              5 VACHR
  Income:US:Hooli:Vacation                             -5 VACHR

2024-09-12 * "Hooli" "Payroll"
  Assets:US:BofA:Checking                         2550.60 USD
  Income:US:Hooli:Salary                         -4615.38 USD
  Income:US:Hooli:GroupTermLife                    -24.32 USD
  Expenses:Health:Life:GroupTermLife                24.32 USD
  Expenses:Health:Dental:Insurance                   2.90 USD
  Expenses:Health:Medical:Insurance                 27.38 USD
  Expenses:Health:Vision:Insurance                  42.30 USD
  Expenses:Taxes:Y2024:US:Medicare                 106.62 USD
  Expenses:Taxes:Y2024:US:Federal                 1062.92 USD
  Expenses:Taxes:Y2024:US:State                    365.08 USD
  Expenses:Taxes:Y2024:US:CityNYC                  174.92 USD
  Expenses:Taxes:Y2024:US:SDI                        1.12 USD
  Expenses:Taxes:Y2024:US:SocSec                   281.54 USD
  Assets:US:Hooli:Vacation                              5 VACHR
  Income:US:Hooli:Vacation                             -5 VACHR

2024-09-26 * "Hooli" "Payroll"
  Assets:US:BofA:Checking                         2550.60 USD
  Income:US:Hooli:Salary                         -4615.38 USD
  Income:US:Hooli:GroupTermLife                    -24.32 USD
  Expenses:Health:Life:GroupTermLife                24.32 USD
  Expenses:Health:Dental:Insurance                   2.90 USD
  Expenses:Health:Medical:Insurance                 27.38 USD
  Expenses:Health:Vision:Insurance                  42.30 USD
  Expenses:Taxes:Y2024:US:Medicare                 106.62 USD
  Expenses:Taxes:Y2024:US:Federal                 1062.92 USD
  Expenses:Taxes:Y2024:US:State                    365.08 USD
  Expenses:Taxes:Y2024:US:CityNYC                  174.92 USD
  Expenses:Taxes:Y2024:US:SDI                        1.12 USD
  Expenses:Taxes:Y2024:US:SocSec                   281.54 USD
  Assets:US:Hooli:Vacation                              5 VACHR
  Income:US:Hooli:Vacation                             -5 VACHR

2024-10-10 * "Hooli" "Payroll"
  Assets:US:BofA:Checking                         2550.60 USD
  Income:US:Hooli:Salary                         -4615.38 USD
  Income:US:Hooli:GroupTermLife                    -24.32 USD
  Expenses:Health:Life:GroupTermLife                24.32 USD
  Expenses:Health:Dental:Insurance                   2.90 USD
  Expenses:Health:Medical:Insurance                 27.38 USD
  Expenses:Health:Vision:Insurance                  42.30 USD
  Expenses:Taxes:Y2024:US:Medicare                 106.62 USD
  Expenses:Taxes:Y2024:US:Federal                 1062.92 USD
  Expenses:Taxes:Y2024:US:State                    365.08 USD
  Expenses:Taxes:Y2024:US:CityNYC                  174.92 USD
  Expenses:Taxes:Y2024:US:SDI                        1.12 USD
  Expenses:Taxes:Y2024:US:SocSec                   281.54 USD
  Assets:US:Hooli:Vacation                              5 VACHR
  Income:US:Hooli:Vacation                             -5 VACHR

2024-10-24 * "Hooli" "Payroll"
  Assets:US:BofA:Checking                         2550.60 USD
  Income:US:Hooli:Salary                         -4615.38 USD
  Income:US:Hooli:GroupTermLife                    -24.32 USD
  Expenses:Health:Life:GroupTermLife                24.32 USD
  Expenses:Health:Dental:Insurance                   2.90 USD
  Expenses:Health:Medical:Insurance                 27.38 USD
  Expenses:Health:Vision:Insurance                  42.30 USD
  Expenses:Taxes:Y2024:US:Medicare                 106.62 USD
  Expenses:Taxes:Y2024:US:Federal                 1062.92 USD
  Expenses:Taxes:Y2024:US:State                    365.08 USD
  Expenses:Taxes:Y2024:US:CityNYC                  174.92 USD
  Expenses:Taxes:Y2024:US:SDI                        1.12 USD
  Expenses:Taxes:Y2024:US:SocSec                   281.54 USD
  Assets:US:Hooli:Vacation                              5 VACHR
  Income:US:Hooli:Vacation                             -5 VACHR

2024-11-07 * "Hooli" "Payroll"
  Assets:US:BofA:Checking                         2550.60 USD
  Income:US:Hooli:Salary                         -4615.38 USD
  Income:US:Hooli:GroupTermLife                    -24.32 USD
  Expenses:Health:Life:GroupTermLife                24.32 USD
  Expenses:Health:Dental:Insurance                   2.90 USD
  Expenses:Health:Medical:Insurance                 27.38 USD
  Expenses:Health:Vision:Insurance                  42.30 USD
  Expenses:Taxes:Y2024:US:Medicare                 106.62 USD
  Expenses:Taxes:Y2024:US:Federal                 1062.92 USD
  Expenses:Taxes:Y2024:US:State                    365.08 USD
  Expenses:Taxes:Y2024:US:CityNYC                  174.92 USD
  Expenses:Taxes:Y2024:US:SDI                        1.12 USD
  Expenses:Taxes:Y2024:US:SocSec                   281.54 USD
  Assets:US:Hooli:Vacation                              5 VACHR
  Income:US:Hooli:Vacation                             -5 VACHR

2024-11-21 * "Hooli" "Payroll"
  Assets:US:BofA:Checking                         2550.60 USD
  Income:US:Hooli:Salary                         -4615.38 USD
  Income:US:Hooli:GroupTermLife                    -24.32 USD
  Expenses:Health:Life:GroupTermLife                24.32 USD
  Expenses:Health:Dental:Insurance                   2.90 USD
  Expenses:Health:Medical:Insurance                 27.38 USD
  Expenses:Health:Vision:Insurance                  42.30 USD
  Expenses:Taxes:Y2024:US:Medicare                 106.62 USD
  Expenses:Taxes:Y2024:US:Federal                 1062.92 USD
  Expenses:Taxes:Y2024:US:State                    365.08 USD
  Expenses:Taxes:Y2024:US:CityNYC                  174.92 USD
  Expenses:Taxes:Y2024:US:SDI                        1.12 USD
  Expenses:Taxes:Y2024:US:SocSec                   281.54 USD
  Assets:US:Hooli:Vacation                              5 VACHR
  Income:US:Hooli:Vacation                             -5 VACHR

2024-12-05 * "Hooli" "Payroll"
  Assets:US:BofA:Checking                         2589.06 USD
  Income:US:Hooli:Salary                         -4615.38 USD
  Income:US:Hooli:GroupTermLife                    -24.32 USD
  Expenses:Health:Life:GroupTermLife                24.32 USD
  Expenses:Health:Dental:Insurance                   2.90 USD
  Expenses:Health:Medical:Insurance                 27.38 USD
  Expenses:Health:Vision:Insurance                  42.30 USD
  Expenses:Taxes:Y2024:US:Medicare                 106.62 USD
  Expenses:Taxes:Y2024:US:Federal                 1062.92 USD
  Expenses:Taxes:Y2024:US:State                    365.08 USD
  Expenses:Taxes:Y2024:US:CityNYC                  174.92 USD
  Expenses:Taxes:Y2024:US:SDI                        1.12 USD
  Expenses:Taxes:Y2024:US:SocSec                   243.08 USD
  Assets:US:Hooli:Vacation                              5 VACHR
  Income:US:Hooli:Vacation                             -5 VACHR

2024-12-19 * "Hooli" "Payroll"
  Assets:US:BofA:Checking                         2832.14 USD
  Income:US:Hooli:Salary                         -4615.38 USD
  Income:US:Hooli:GroupTermLife                    -24.32 USD
  Expenses:Health:Life:GroupTermLife                24.32 USD
  Expenses:Health:Dental:Insurance                   2.90 USD
  Expenses:Health:Medical:Insurance                 27.38 USD
  Expenses:Health:Vision:Insurance                  42.30 USD
  Expenses:Taxes:Y2024:US:Medicare                 106.62 USD
  Expenses:Taxes:Y2024:US:Federal                 1062.92 USD
  Expenses:Taxes:Y2024:US:State                    365.08 USD
  Expenses:Taxes:Y2024:US:CityNYC                  174.92 USD
  Expenses:Taxes:Y2024:US:SDI                        1.12 USD
  Expenses:Taxes:Y2024:US:SocSec                     0.00 USD
  Assets:US:Hooli:Vacation                              5 VACHR
  Income:US:Hooli:Vacation                             -5 VACHR

2025-01-02 * "Hooli" "Payroll"
  Assets:US:BofA:Checking                         1350.60 USD
  Assets:US:Vanguard:Cash                         1200.00 USD
  Income:US:Hooli:Salary                         -4615.38 USD
  Income:US:Hooli:GroupTermLife                    -24.32 USD
  Expenses:Health:Life:GroupTermLife                24.32 USD
  Expenses:Health:Dental:Insurance                   2.90 USD
  Expenses:Health:Medical:Insurance                 27.38 USD
  Expenses:Health:Vision:Insurance                  42.30 USD
  Expenses:Taxes:Y2025:US:Medicare                 106.62 USD
  Expenses:Taxes:Y2025:US:Federal                 1062.92 USD
  Expenses:Taxes:Y2025:US:State                    365.08 USD
  Expenses:Taxes:Y2025:US:CityNYC                  174.92 USD
  Expenses:Taxes:Y2025:US:SDI                        1.12 USD
  Expenses:Taxes:Y2025:US:SocSec                   281.54 USD
  Assets:US:Federal:PreTax401k                   -1200.00 IRAUSD
  Expenses:Taxes:Y2025:US:Federal:PreTax401k      1200.00 IRAUSD
  Assets:US:Hooli:Vacation                              5 VACHR
  Income:US:Hooli:Vacation                             -5 VACHR

2025-01-16 * "Hooli" "Payroll"
  Assets:US:BofA:Checking                         1350.60 USD
  Assets:US:Vanguard:Cash                         1200.00 USD
  Income:US:Hooli:Salary                         -4615.38 USD
  Income:US:Hooli:GroupTermLife                    -24.32 USD
  Expenses:Health:Life:GroupTermLife                24.32 USD
  Expenses:Health:Dental:Insurance                   2.90 USD
  Expenses:Health:Medical:Insurance                 27.38 USD
  Expenses:Health:Vision:Insurance                  42.30 USD
  Expenses:Taxes:Y2025:US:Medicare                 106.62 USD
  Expenses:Taxes:Y2025:US:Federal                 1062.92 USD
  Expenses:Taxes:Y2025:US:State                    365.08 USD
  Expenses:Taxes:Y2025:US:CityNYC                  174.92 USD
  Expenses:Taxes:Y2025:US:SDI                        1.12 USD
  Expenses:Taxes:Y2025:US:SocSec                   281.54 USD
  Assets:US:Federal:PreTax401k                   -1200.00 IRAUSD
  Expenses:Taxes:Y2025:US:Federal:PreTax401k      1200.00 IRAUSD
  Assets:US:Hooli:Vacation                              5 VACHR
  Income:US:Hooli:Vacation                             -5 VACHR

2025-01-30 * "Hooli" "Payroll"
  Assets:US:BofA:Checking                         1350.60 USD
  Assets:US:Vanguard:Cash                         1200.00 USD
  Income:US:Hooli:Salary                         -4615.38 USD
  Income:US:Hooli:GroupTermLife                    -24.32 USD
  Expenses:Health:Life:GroupTermLife                24.32 USD
  Expenses:Health:Dental:Insurance                   2.90 USD
  Expenses:Health:Medical:Insurance                 27.38 USD
  Expenses:Health:Vision:Insurance                  42.30 USD
  Expenses:Taxes:Y2025:US:Medicare                 106.62 USD
  Expenses:Taxes:Y2025:US:Federal                 1062.92 USD
  Expenses:Taxes:Y2025:US:State                    365.08 USD
  Expenses:Taxes:Y2025:US:CityNYC                  174.92 USD
  Expenses:Taxes:Y2025:US:SDI                        1.12 USD
  Expenses:Taxes:Y2025:US:SocSec                   281.54 USD
  Assets:US:Federal:PreTax401k                   -1200.00 IRAUSD
  Expenses:Taxes:Y2025:US:Federal:PreTax401k      1200.00 IRAUSD
  Assets:US:Hooli:Vacation                              5 VACHR
  Income:US:Hooli:Vacation                             -5 VACHR

2025-02-13 * "Hooli" "Payroll"
  Assets:US:BofA:Checking                         1350.60 USD
  Assets:US:Vanguard:Cash                         1200.00 USD
  Income:US:Hooli:Salary                         -4615.38 USD
  Income:US:Hooli:GroupTermLife                    -24.32 USD
  Expenses:Health:Life:GroupTermLife                24.32 USD
  Expenses:Health:Dental:Insurance                   2.90 USD
  Expenses:Health:Medical:Insurance                 27.38 USD
  Expenses:Health:Vision:Insurance                  42.30 USD
  Expenses:Taxes:Y2025:US:Medicare                 106.62 USD
  Expenses:Taxes:Y2025:US:Federal                 1062.92 USD
  Expenses:Taxes:Y2025:US:State                    365.08 USD
  Expenses:Taxes:Y2025:US:CityNYC                  174.92 USD
  Expenses:Taxes:Y2025:US:SDI                        1.12 USD
  Expenses:Taxes:Y2025:US:SocSec                   281.54 USD
  Assets:US:Federal:PreTax401k                   -1200.00 IRAUSD
  Expenses:Taxes:Y2025:US:Federal:PreTax401k      1200.00 IRAUSD
  Assets:US:Hooli:Vacation                              5 VACHR
  Income:US:Hooli:Vacation                             -5 VACHR

2025-02-27 * "Hooli" "Payroll"
  Assets:US:BofA:Checking                         1350.60 USD
  Assets:US:Vanguard:Cash                         1200.00 USD
  Income:US:Hooli:Salary                         -4615.38 USD
  Income:US:Hooli:GroupTermLife                    -24.32 USD
  Expenses:Health:Life:GroupTermLife                24.32 USD
  Expenses:Health:Dental:Insurance                   2.90 USD
  Expenses:Health:Medical:Insurance                 27.38 USD
  Expenses:Health:Vision:Insurance                  42.30 USD
  Expenses:Taxes:Y2025:US:Medicare                 106.62 USD
  Expenses:Taxes:Y2025:US:Federal                 1062.92 USD
  Expenses:Taxes:Y2025:US:State                    365.08 USD
  Expenses:Taxes:Y2025:US:CityNYC                  174.92 USD
  Expenses:Taxes:Y2025:US:SDI                        1.12 USD
  Expenses:Taxes:Y2025:US:SocSec                   281.54 USD
  Assets:US:Federal:PreTax401k                   -1200.00 IRAUSD
  Expenses:Taxes:Y2025:US:Federal:PreTax401k      1200.00 IRAUSD
  Assets:US:Hooli:Vacation                              5 VACHR
  Income:US:Hooli:Vacation                             -5 VACHR

2025-03-13 * "Hooli" "Payroll"
  Assets:US:BofA:Checking                         1350.60 USD
  Assets:US:Vanguard:Cash                         1200.00 USD
  Income:US:Hooli:Salary                         -4615.38 USD
  Income:US:Hooli:GroupTermLife                    -24.32 USD
  Expenses:Health:Life:GroupTermLife                24.32 USD
  Expenses:Health:Dental:Insurance                   2.90 USD
  Expenses:Health:Medical:Insurance                 27.38 USD
  Expenses:Health:Vision:Insurance                  42.30 USD
  Expenses:Taxes:Y2025:US:Medicare                 106.62 USD
  Expenses:Taxes:Y2025:US:Federal                 1062.92 USD
  Expenses:Taxes:Y2025:US:State                    365.08 USD
  Expenses:Taxes:Y2025:US:CityNYC                  174.92 USD
  Expenses:Taxes:Y2025:US:SDI                        1.12 USD
  Expenses:Taxes:Y2025:US:SocSec                   281.54 USD
  Assets:US:Federal:PreTax401k                   -1200.00 IRAUSD
  Expenses:Taxes:Y2025:US:Federal:PreTax401k      1200.00 IRAUSD
  Assets:US:Hooli:Vacation                              5 VACHR
  Income:US:Hooli:Vacation                             -5 VACHR

2025-03-27 * "Hooli" "Payroll"
  Assets:US:BofA:Checking                         1350.60 USD
  Assets:US:Vanguard:Cash                         1200.00 USD
  Income:US:Hooli:Salary                         -4615.38 USD
  Income:US:Hooli:GroupTermLife                    -24.32 USD
  Expenses:Health:Life:GroupTermLife                24.32 USD
  Expenses:Health:Dental:Insurance                   2.90 USD
  Expenses:Health:Medical:Insurance                 27.38 USD
  Expenses:Health:Vision:Insurance                  42.30 USD
  Expenses:Taxes:Y2025:US:Medicare                 106.62 USD
  Expenses:Taxes:Y2025:US:Federal                 1062.92 USD
  Expenses:Taxes:Y2025:US:State                    365.08 USD
  Expenses:Taxes:Y2025:US:CityNYC                  174.92 USD
  Expenses:Taxes:Y2025:US:SDI                        1.12 USD
  Expenses:Taxes:Y2025:US:SocSec                   281.54 USD
  Assets:US:Federal:PreTax401k                   -1200.00 IRAUSD
  Expenses:Taxes:Y2025:US:Federal:PreTax401k      1200.00 IRAUSD
  Assets:US:Hooli:Vacation                              5 VACHR
  Income:US:Hooli:Vacation                             -5 VACHR

2025-04-10 * "Hooli" "Payroll"
  Assets:US:BofA:Checking                         1350.60 USD
  Assets:US:Vanguard:Cash                         1200.00 USD
  Income:US:Hooli:Salary                         -4615.38 USD
  Income:US:Hooli:GroupTermLife                    -24.32 USD
  Expenses:Health:Life:GroupTermLife                24.32 USD
  Expenses:Health:Dental:Insurance                   2.90 USD
  Expenses:Health:Medical:Insurance                 27.38 USD
  Expenses:Health:Vision:Insurance                  42.30 USD
  Expenses:Taxes:Y2025:US:Medicare                 106.62 USD
  Expenses:Taxes:Y2025:US:Federal                 1062.92 USD
  Expenses:Taxes:Y2025:US:State                    365.08 USD
  Expenses:Taxes:Y2025:US:CityNYC                  174.92 USD
  Expenses:Taxes:Y2025:US:SDI                        1.12 USD
  Expenses:Taxes:Y2025:US:SocSec                   281.54 USD
  Assets:US:Federal:PreTax401k                   -1200.00 IRAUSD
  Expenses:Taxes:Y2025:US:Federal:PreTax401k      1200.00 IRAUSD
  Assets:US:Hooli:Vacation                              5 VACHR
  Income:US:Hooli:Vacation                             -5 VACHR

2025-04-24 * "Hooli" "Payroll"
  Assets:US:BofA:Checking                         1350.60 USD
  Assets:US:Vanguard:Cash                         1200.00 USD
  Income:US:Hooli:Salary                         -4615.38 USD
  Income:US:Hooli:GroupTermLife                    -24.32 USD
  Expenses:Health:Life:GroupTermLife                24.32 USD
  Expenses:Health:Dental:Insurance                   2.90 USD
  Expenses:Health:Medical:Insurance                 27.38 USD
  Expenses:Health:Vision:Insurance                  42.30 USD
  Expenses:Taxes:Y2025:US:Medicare                 106.62 USD
  Expenses:Taxes:Y2025:US:Federal                 1062.92 USD
  Expenses:Taxes:Y2025:US:State                    365.08 USD
  Expenses:Taxes:Y2025:US:CityNYC                  174.92 USD
  Expenses:Taxes:Y2025:US:SDI                        1.12 USD
  Expenses:Taxes:Y2025:US:SocSec                   281.54 USD
  Assets:US:Federal:PreTax401k                   -1200.00 IRAUSD
  Expenses:Taxes:Y2025:US:Federal:PreTax401k      1200.00 IRAUSD
  Assets:US:Hooli:Vacation                              5 VACHR
  Income:US:Hooli:Vacation                             -5 VACHR

2025-05-08 * "Hooli" "Payroll"
  Assets:US:BofA:Checking                         1350.60 USD
  Assets:US:Vanguard:Cash                         1200.00 USD
  Income:US:Hooli:Salary                         -4615.38 USD
  Income:US:Hooli:GroupTermLife                    -24.32 USD
  Expenses:Health:Life:GroupTermLife                24.32 USD
  Expenses:Health:Dental:Insurance                   2.90 USD
  Expenses:Health:Medical:Insurance                 27.38 USD
  Expenses:Health:Vision:Insurance                  42.30 USD
  Expenses:Taxes:Y2025:US:Medicare                 106.62 USD
  Expenses:Taxes:Y2025:US:Federal                 1062.92 USD
  Expenses:Taxes:Y2025:US:State                    365.08 USD
  Expenses:Taxes:Y2025:US:CityNYC                  174.92 USD
  Expenses:Taxes:Y2025:US:SDI                        1.12 USD
  Expenses:Taxes:Y2025:US:SocSec                   281.54 USD
  Assets:US:Federal:PreTax401k                   -1200.00 IRAUSD
  Expenses:Taxes:Y2025:US:Federal:PreTax401k      1200.00 IRAUSD
  Assets:US:Hooli:Vacation                              5 VACHR
  Income:US:Hooli:Vacation                             -5 VACHR

2025-05-22 * "Hooli" "Payroll"
  Assets:US:BofA:Checking                         1350.60 USD
  Assets:US:Vanguard:Cash                         1200.00 USD
  Income:US:Hooli:Salary                         -4615.38 USD
  Income:US:Hooli:GroupTermLife                    -24.32 USD
  Expenses:Health:Life:GroupTermLife                24.32 USD
  Expenses:Health:Dental:Insurance                   2.90 USD
  Expenses:Health:Medical:Insurance                 27.38 USD
  Expenses:Health:Vision:Insurance                  42.30 USD
  Expenses:Taxes:Y2025:US:Medicare                 106.62 USD
  Expenses:Taxes:Y2025:US:Federal                 1062.92 USD
  Expenses:Taxes:Y2025:US:State                    365.08 USD
  Expenses:Taxes:Y2025:US:CityNYC                  174.92 USD
  Expenses:Taxes:Y2025:US:SDI                        1.12 USD
  Expenses:Taxes:Y2025:US:SocSec                   281.54 USD
  Assets:US:Federal:PreTax401k                   -1200.00 IRAUSD
  Expenses:Taxes:Y2025:US:Federal:PreTax401k      1200.00 IRAUSD
  Assets:US:Hooli:Vacation                              5 VACHR
  Income:US:Hooli:Vacation                             -5 VACHR

2025-06-05 * "Hooli" "Payroll"
  Assets:US:BofA:Checking                         1350.60 USD
  Assets:US:Vanguard:Cash                         1200.00 USD
  Income:US:Hooli:Salary                         -4615.38 USD
  Income:US:Hooli:GroupTermLife                    -24.32 USD
  Expenses:Health:Life:GroupTermLife                24.32 USD
  Expenses:Health:Dental:Insurance                   2.90 USD
  Expenses:Health:Medical:Insurance                 27.38 USD
  Expenses:Health:Vision:Insurance                  42.30 USD
  Expenses:Taxes:Y2025:US:Medicare                 106.62 USD
  Expenses:Taxes:Y2025:US:Federal                 1062.92 USD
  Expenses:Taxes:Y2025:US:State                    365.08 USD
  Expenses:Taxes:Y2025:US:CityNYC                  174.92 USD
  Expenses:Taxes:Y2025:US:SDI                        1.12 USD
  Expenses:Taxes:Y2025:US:SocSec                   281.54 USD
  Assets:US:Federal:PreTax401k                   -1200.00 IRAUSD
  Expenses:Taxes:Y2025:US:Federal:PreTax401k      1200.00 IRAUSD
  Assets:US:Hooli:Vacation                              5 VACHR
  Income:US:Hooli:Vacation                             -5 VACHR

2025-06-19 * "Hooli" "Payroll"
  Assets:US:BofA:Checking                         1350.60 USD
  Assets:US:Vanguard:Cash                         1200.00 USD
  Income:US:Hooli:Salary                         -4615.38 USD
  Income:US:Hooli:GroupTermLife                    -24.32 USD
  Expenses:Health:Life:GroupTermLife                24.32 USD
  Expenses:Health:Dental:Insurance                   2.90 USD
  Expenses:Health:Medical:Insurance                 27.38 USD
  Expenses:Health:Vision:Insurance                  42.30 USD
  Expenses:Taxes:Y2025:US:Medicare                 106.62 USD
  Expenses:Taxes:Y2025:US:Federal                 1062.92 USD
  Expenses:Taxes:Y2025:US:State                    365.08 USD
  Expenses:Taxes:Y2025:US:CityNYC                  174.92 USD
  Expenses:Taxes:Y2025:US:SDI                        1.12 USD
  Expenses:Taxes:Y2025:US:SocSec                   281.54 USD
  Assets:US:Federal:PreTax401k                   -1200.00 IRAUSD
  Expenses:Taxes:Y2025:US:Federal:PreTax401k      1200.00 IRAUSD
  Assets:US:Hooli:Vacation                              5 VACHR
  Income:US:Hooli:Vacation                             -5 VACHR

2025-07-03 * "Hooli" "Payroll"
  Assets:US:BofA:Checking                         1350.60 USD
  Assets:US:Vanguard:Cash                         1200.00 USD
  Income:US:Hooli:Salary                         -4615.38 USD
  Income:US:Hooli:GroupTermLife                    -24.32 USD
  Expenses:Health:Life:GroupTermLife                24.32 USD
  Expenses:Health:Dental:Insurance                   2.90 USD
  Expenses:Health:Medical:Insurance                 27.38 USD
  Expenses:Health:Vision:Insurance                  42.30 USD
  Expenses:Taxes:Y2025:US:Medicare                 106.62 USD
  Expenses:Taxes:Y2025:US:Federal                 1062.92 USD
  Expenses:Taxes:Y2025:US:State                    365.08 USD
  Expenses:Taxes:Y2025:US:CityNYC                  174.92 USD
  Expenses:Taxes:Y2025:US:SDI                        1.12 USD
  Expenses:Taxes:Y2025:US:SocSec                   281.54 USD
  Assets:US:Federal:PreTax401k                   -1200.00 IRAUSD
  Expenses:Taxes:Y2025:US:Federal:PreTax401k      1200.00 IRAUSD
  Assets:US:Hooli:Vacation                              5 VACHR
  Income:US:Hooli:Vacation                             -5 VACHR

2025-07-17 * "Hooli" "Payroll"
  Assets:US:BofA:Checking                         1350.60 USD
  Assets:US:Vanguard:Cash                         1200.00 USD
  Income:US:Hooli:Salary                         -4615.38 USD
  Income:US:Hooli:GroupTermLife                    -24.32 USD
  Expenses:Health:Life:GroupTermLife                24.32 USD
  Expenses:Health:Dental:Insurance                   2.90 USD
  Expenses:Health:Medical:Insurance                 27.38 USD
  Expenses:Health:Vision:Insurance                  42.30 USD
  Expenses:Taxes:Y2025:US:Medicare                 106.62 USD
  Expenses:Taxes:Y2025:US:Federal                 1062.92 USD
  Expenses:Taxes:Y2025:US:State                    365.08 USD
  Expenses:Taxes:Y2025:US:CityNYC                  174.92 USD
  Expenses:Taxes:Y2025:US:SDI                        1.12 USD
  Expenses:Taxes:Y2025:US:SocSec                   281.54 USD
  Assets:US:Federal:PreTax401k                   -1200.00 IRAUSD
  Expenses:Taxes:Y2025:US:Federal:PreTax401k      1200.00 IRAUSD
  Assets:US:Hooli:Vacation                              5 VACHR
  Income:US:Hooli:Vacation                             -5 VACHR

2025-07-31 * "Hooli" "Payroll"
  Assets:US:BofA:Checking                         2050.60 USD
  Assets:US:Vanguard:Cash                          500.00 USD
  Income:US:Hooli:Salary                         -4615.38 USD
  Income:US:Hooli:GroupTermLife                    -24.32 USD
  Expenses:Health:Life:GroupTermLife                24.32 USD
  Expenses:Health:Dental:Insurance                   2.90 USD
  Expenses:Health:Medical:Insurance                 27.38 USD
  Expenses:Health:Vision:Insurance                  42.30 USD
  Expenses:Taxes:Y2025:US:Medicare                 106.62 USD
  Expenses:Taxes:Y2025:US:Federal                 1062.92 USD
  Expenses:Taxes:Y2025:US:State                    365.08 USD
  Expenses:Taxes:Y2025:US:CityNYC                  174.92 USD
  Expenses:Taxes:Y2025:US:SDI                        1.12 USD
  Expenses:Taxes:Y2025:US:SocSec                   281.54 USD
  Assets:US:Federal:PreTax401k                    -500.00 IRAUSD
  Expenses:Taxes:Y2025:US:Federal:PreTax401k       500.00 IRAUSD
  Assets:US:Hooli:Vacation                              5 VACHR
  Income:US:Hooli:Vacation                             -5 VACHR

2025-08-14 * "Hooli" "Payroll"
  Assets:US:BofA:Checking                         2550.60 USD
  Income:US:Hooli:Salary                         -4615.38 USD
  Income:US:Hooli:GroupTermLife                    -24.32 USD
  Expenses:Health:Life:GroupTermLife                24.32 USD
  Expenses:Health:Dental:Insurance                   2.90 USD
  Expenses:Health:Medical:Insurance                 27.38 USD
  Expenses:Health:Vision:Insurance                  42.30 USD
  Expenses:Taxes:Y2025:US:Medicare                 106.62 USD
  Expenses:Taxes:Y2025:US:Federal                 1062.92 USD
  Expenses:Taxes:Y2025:US:State                    365.08 USD
  Expenses:Taxes:Y2025:US:CityNYC                  174.92 USD
  Expenses:Taxes:Y2025:US:SDI                        1.12 USD
  Expenses:Taxes:Y2025:US:SocSec                   281.54 USD
  Assets:US:Hooli:Vacation                              5 VACHR
  Income:US:Hooli:Vacation                             -5 VACHR

2025-08-28 * "Hooli" "Payroll"
  Assets:US:BofA:Checking                         2550.60 USD
  Income:US:Hooli:Salary                         -4615.38 USD
  Income:US:Hooli:GroupTermLife                    -24.32 USD
  Expenses:Health:Life:GroupTermLife                24.32 USD
  Expenses:Health:Dental:Insurance                   2.90 USD
  Expenses:Health:Medical:Insurance                 27.38 USD
  Expenses:Health:Vision:Insurance                  42.30 USD
  Expenses:Taxes:Y2025:US:Medicare                 106.62 USD
  Expenses:Taxes:Y2025:US:Federal                 1062.92 USD
  Expenses:Taxes:Y2025:US:State                    365.08 USD
  Expenses:Taxes:Y2025:US:CityNYC                  174.92 USD
  Expenses:Taxes:Y2025:US:SDI                        1.12 USD
  Expenses:Taxes:Y2025:US:SocSec                   281.54 USD
  Assets:US:Hooli:Vacation                              5 VACHR
  Income:US:Hooli:Vacation                             -5 VACHR

2025-09-11 * "Hooli" "Payroll"
  Assets:US:BofA:Checking                         2550.60 USD
  Income:US:Hooli:Salary                         -4615.38 USD
  Income:US:Hooli:GroupTermLife                    -24.32 USD
  Expenses:Health:Life:GroupTermLife                24.32 USD
  Expenses:Health:Dental:Insurance                   2.90 USD
  Expenses:Health:Medical:Insurance                 27.38 USD
  Expenses:Health:Vision:Insurance                  42.30 USD
  Expenses:Taxes:Y2025:US:Medicare                 106.62 USD
  Expenses:Taxes:Y2025:US:Federal                 1062.92 USD
  Expenses:Taxes:Y2025:US:State                    365.08 USD
  Expenses:Taxes:Y2025:US:CityNYC                  174.92 USD
  Expenses:Taxes:Y2025:US:SDI                        1.12 USD
  Expenses:Taxes:Y2025:US:SocSec                   281.54 USD
  Assets:US:Hooli:Vacation                              5 VACHR
  Income:US:Hooli:Vacation                             -5 VACHR

2025-09-25 * "Hooli" "Payroll"
  Assets:US:BofA:Checking                         2550.60 USD
  Income:US:Hooli:Salary                         -4615.38 USD
  Income:US:Hooli:GroupTermLife                    -24.32 USD
  Expenses:Health:Life:GroupTermLife                24.32 USD
  Expenses:Health:Dental:Insurance                   2.90 USD
  Expenses:Health:Medical:Insurance                 27.38 USD
  Expenses:Health:Vision:Insurance                  42.30 USD
  Expenses:Taxes:Y2025:US:Medicare                 106.62 USD
  Expenses:Taxes:Y2025:US:Federal                 1062.92 USD
  Expenses:Taxes:Y2025:US:State                    365.08 USD
  Expenses:Taxes:Y2025:US:CityNYC                  174.92 USD
  Expenses:Taxes:Y2025:US:SDI                        1.12 USD
  Expenses:Taxes:Y2025:US:SocSec                   281.54 USD
  Assets:US:Hooli:Vacation                              5 VACHR
  Income:US:Hooli:Vacation                             -5 VACHR

2025-10-09 * "Hooli" "Payroll"
  Assets:US:BofA:Checking                         2550.60 USD
  Income:US:Hooli:Salary                         -4615.38 USD
  Income:US:Hooli:GroupTermLife                    -24.32 USD
  Expenses:Health:Life:GroupTermLife                24.32 USD
  Expenses:Health:Dental:Insurance                   2.90 USD
  Expenses:Health:Medical:Insurance                 27.38 USD
  Expenses:Health:Vision:Insurance                  42.30 USD
  Expenses:Taxes:Y2025:US:Medicare                 106.62 USD
  Expenses:Taxes:Y2025:US:Federal                 1062.92 USD
  Expenses:Taxes:Y2025:US:State                    365.08 USD
  Expenses:Taxes:Y2025:US:CityNYC                  174.92 USD
  Expenses:Taxes:Y2025:US:SDI                        1.12 USD
  Expenses:Taxes:Y2025:US:SocSec                   281.54 USD
  Assets:US:Hooli:Vacation                              5 VACHR
  Income:US:Hooli:Vacation                             -5 VACHR

2025-10-23 * "Hooli" "Payroll"
  Assets:US:BofA:Checking                         2550.60 USD
  Income:US:Hooli:Salary                         -4615.38 USD
  Income:US:Hooli:GroupTermLife                    -24.32 USD
  Expenses:Health:Life:GroupTermLife                24.32 USD
  Expenses:Health:Dental:Insurance                   2.90 USD
  Expenses:Health:Medical:Insurance                 27.38 USD
  Expenses:Health:Vision:Insurance                  42.30 USD
  Expenses:Taxes:Y2025:US:Medicare                 106.62 USD
  Expenses:Taxes:Y2025:US:Federal                 1062.92 USD
  Expenses:Taxes:Y2025:US:State                    365.08 USD
  Expenses:Taxes:Y2025:US:CityNYC                  174.92 USD
  Expenses:Taxes:Y2025:US:SDI                        1.12 USD
  Expenses:Taxes:Y2025:US:SocSec                   281.54 USD
  Assets:US:Hooli:Vacation                              5 VACHR
  Income:US:Hooli:Vacation                             -5 VACHR

2025-11-06 * "Hooli" "Payroll"
  Assets:US:BofA:Checking                         2550.60 USD
  Income:US:Hooli:Salary                         -4615.38 USD
  Income:US:Hooli:GroupTermLife                    -24.32 USD
  Expenses:Health:Life:GroupTermLife                24.32 USD
  Expenses:Health:Dental:Insurance                   2.90 USD
  Expenses:Health:Medical:Insurance                 27.38 USD
  Expenses:Health:Vision:Insurance                  42.30 USD
  Expenses:Taxes:Y2025:US:Medicare                 106.62 USD
  Expenses:Taxes:Y2025:US:Federal                 1062.92 USD
  Expenses:Taxes:Y2025:US:State                    365.08 USD
  Expenses:Taxes:Y2025:US:CityNYC                  174.92 USD
  Expenses:Taxes:Y2025:US:SDI                        1.12 USD
  Expenses:Taxes:Y2025:US:SocSec                   281.54 USD
  Assets:US:Hooli:Vacation                              5 VACHR
  Income:US:Hooli:Vacation                             -5 VACHR

2025-11-20 * "Hooli" "Payroll"
  Assets:US:BofA:Checking                         2550.60 USD
  Income:US:Hooli:Salary                         -4615.38 USD
  Income:US:Hooli:GroupTermLife                    -24.32 USD
  Expenses:Health:Life:GroupTermLife                24.32 USD
  Expenses:Health:Dental:Insurance                   2.90 USD
  Expenses:Health:Medical:Insurance                 27.38 USD
  Expenses:Health:Vision:Insurance                  42.30 USD
  Expenses:Taxes:Y2025:US:Medicare                 106.62 USD
  Expenses:Taxes:Y2025:US:Federal                 1062.92 USD
  Expenses:Taxes:Y2025:US:State                    365.08 USD
  Expenses:Taxes:Y2025:US:CityNYC                  174.92 USD
  Expenses:Taxes:Y2025:US:SDI                        1.12 USD
  Expenses:Taxes:Y2025:US:SocSec                   281.54 USD
  Assets:US:Hooli:Vacation                              5 VACHR
  Income:US:Hooli:Vacation                             -5 VACHR

2025-12-04 * "Hooli" "Payroll"
  Assets:US:BofA:Checking                         2589.06 USD
  Income:US:Hooli:Salary                         -4615.38 USD
  Income:US:Hooli:GroupTermLife                    -24.32 USD
  Expenses:Health:Life:GroupTermLife                24.32 USD
  Expenses:Health:Dental:Insurance                   2.90 USD
  Expenses:Health:Medical:Insurance                 27.38 USD
  Expenses:Health:Vision:Insurance                  42.30 USD
  Expenses:Taxes:Y2025:US:Medicare                 106.62 USD
  Expenses:Taxes:Y2025:US:Federal                 1062.92 USD
  Expenses:Taxes:Y2025:US:State                    365.08 USD
  Expenses:Taxes:Y2025:US:CityNYC                  174.92 USD
  Expenses:Taxes:Y2025:US:SDI                        1.12 USD
  Expenses:Taxes:Y2025:US:SocSec                   243.08 USD
  Assets:US:Hooli:Vacation                              5 VACHR
  Income:US:Hooli:Vacation                             -5 VACHR



* Taxes

1980-05-12 open Income:US:Federal:PreTax401k                    IRAUSD
1980-05-12 open Assets:US:Federal:PreTax401k                    IRAUSD



** Tax Year 2023

2023-01-01 open Expenses:Taxes:Y2023:US:Federal:PreTax401k      IRAUSD
2023-01-01 open Expenses:Taxes:Y2023:US:Medicare                USD
2023-01-01 open Expenses:Taxes:Y2023:US:Federal                 USD
2023-01-01 open Expenses:Taxes:Y2023:US:CityNYC                 USD
2023-01-01 open Expenses:Taxes:Y2023:US:SDI                     USD
2023-01-01 open Expenses:Taxes:Y2023:US:State                   USD
2023-01-01 open Expenses:Taxes:Y2023:US:SocSec                  USD

2023-01-01 balance Assets:US:Federal:PreTax401k         0 IRAUSD

2023-01-01 * "Allowed contributions for one year"
  Income:US:Federal:PreTax401k                     -18500 IRAUSD
  Assets:US:Federal:PreTax401k                      18500 IRAUSD

2024-03-22 * "Filing taxes for 2023"
  Expenses:Taxes:Y2023:US:Federal                  373.30 USD
  Expenses:Taxes:Y2023:US:State                    305.92 USD
  Liabilities:AccountsPayable                     -679.22 USD

2024-03-23 * "FEDERAL TAXPYMT"
  Assets:US:BofA:Checking                         -373.30 USD
  Liabilities:AccountsPayable                      373.30 USD

2024-03-24 * "STATE TAX & FINANC PYMT"
  Assets:US:BofA:Checking                         -305.92 USD
  Liabilities:AccountsPayable                      305.92 USD



** Tax Year 2024

2024-01-01 open Expenses:Taxes:Y2024:US:Federal:PreTax401k      IRAUSD
2024-01-01 open Expenses:Taxes:Y2024:US:Medicare                USD
2024-01-01 open Expenses:Taxes:Y2024:US:Federal                 USD
2024-01-01 open Expenses:Taxes:Y2024:US:CityNYC                 USD
2024-01-01 open Expenses:Taxes:Y2024:US:SDI                     USD
2024-01-01 open Expenses:Taxes:Y2024:US:State                   USD
2024-01-01 open Expenses:Taxes:Y2024:US:SocSec                  USD

2024-01-01 balance Assets:US:Federal:PreTax401k         0 IRAUSD

2024-01-01 * "Allowed contributions for one year"
  Income:US:Federal:PreTax401k                     -18500 IRAUSD
  Assets:US:Federal:PreTax401k                      18500 IRAUSD

2025-03-24 * "Filing taxes for 2024"
  Expenses:Taxes:Y2024:US:Federal                  524.30 USD
  Expenses:Taxes:Y2024:US:State                    372.00 USD
  Liabilities:AccountsPayable                     -896.30 USD

2025-03-24 * "STATE TAX & FINANC PYMT"
  Assets:US:BofA:Checking                         -372.00 USD
  Liabilities:AccountsPayable                      372.00 USD

2025-03-28 * "FEDERAL TAXPYMT"
  Assets:US:BofA:Checking                         -524.30 USD
  Liabilities:AccountsPayable                      524.30 USD



** Tax Year 2025

2025-01-01 open Expenses:Taxes:Y2025:US:Federal:PreTax401k      IRAUSD
2025-01-01 open Expenses:Taxes:Y2025:US:Medicare                USD
2025-01-01 open Expenses:Taxes:Y2025:US:Federal                 USD
2025-01-01 open Expenses:Taxes:Y2025:US:CityNYC                 USD
2025-01-01 open Expenses:Taxes:Y2025:US:SDI                     USD
2025-01-01 open Expenses:Taxes:Y2025:US:State                   USD
2025-01-01 open Expenses:Taxes:Y2025:US:SocSec                  USD

2025-01-01 balance Assets:US:Federal:PreTax401k         0 IRAUSD

2025-01-01 * "Allowed contributions for one year"
  Income:US:Federal:PreTax401k                     -18500 IRAUSD
  Assets:US:Federal:PreTax401k                      18500 IRAUSD



* Expenses

1980-05-12 open Expenses:Food:Groceries
1980-05-12 open Expenses:Food:Restaurant
1980-05-12 open Expenses:Food:Coffee
1980-05-12 open Expenses:Food:Alcohol
1980-05-12 open Expenses:Transport:Tram
1980-05-12 open Expenses:Home:Rent
1980-05-12 open Expenses:Home:Electricity
1980-05-12 open Expenses:Home:Internet
1980-05-12 open Expenses:Home:Phone
1980-05-12 open Expenses:Financial:Fees
1980-05-12 open Expenses:Financial:Commissions



* Prices

2023-01-06 price VBMPX                             113.11 USD
2023-01-06 price RGAGX                              65.14 USD
2023-01-06 price ITOT                              175.95 USD
2023-01-06 price VEA                               178.38 USD
2023-01-06 price VHT                               108.24 USD
2023-01-06 price GLD                               173.52 USD
2023-01-13 price VBMPX                             113.12 USD
2023-01-13 price RGAGX                              66.83 USD
2023-01-13 price ITOT                              177.87 USD
2023-01-13 price VEA                               180.12 USD
2023-01-13 price VHT                               107.57 USD
2023-01-13 price GLD                               177.95 USD
2023-01-20 price VBMPX                             113.34 USD
2023-01-20 price RGAGX                              67.16 USD
2023-01-20 price ITOT                              179.42 USD
2023-01-20 price VEA                               180.83 USD
2023-01-20 price VHT                               108.12 USD
2023-01-20 price GLD                               177.02 USD
2023-01-27 price VBMPX                             113.22 USD
2023-01-27 price RGAGX                              68.36 USD
2023-01-27 price ITOT                              180.12 USD
2023-01-27 price VEA                               181.50 USD
2023-01-27 price VHT                               106.42 USD
2023-01-27 price GLD                               174.24 USD
2023-02-03 price VBMPX                             113.99 USD
2023-02-03 price RGAGX                              69.32 USD
2023-02-03 price ITOT                              179.36 USD
2023-02-03 price VEA                               183.09 USD
2023-02-03 price VHT                               105.80 USD
2023-02-03 price GLD                               176.03 USD
2023-02-10 price VBMPX                             114.51 USD
2023-02-10 price RGAGX                              68.95 USD
2023-02-10 price ITOT                              174.54 USD
2023-02-10 price VEA                               185.29 USD
2023-02-10 price VHT                               106.32 USD
2023-02-10 price GLD                               172.16 USD
2023-02-17 price VBMPX                             116.69 USD
2023-02-17 price RGAGX                              69.02 USD
2023-02-17 price ITOT                              173.27 USD
2023-02-17 price VEA                               182.48 USD
2023-02-17 price VHT                               106.22 USD
2023-02-17 price GLD                               170.50 USD
2023-02-24 price VBMPX                             118.05 USD
2023-02-24 price RGAGX                              67.72 USD
2023-02-24 price ITOT                              171.90 USD
2023-02-24 price VEA                               184.37 USD
2023-02-24 price VHT                               106.32 USD
2023-02-24 price GLD                               174.07 USD
2023-03-03 price VBMPX                             118.21 USD
2023-03-03 price RGAGX                              65.86 USD
2023-03-03 price ITOT                              174.26 USD
2023-03-03 price VEA                               184.06 USD
2023-03-03 price VHT                               107.11 USD
2023-03-03 price GLD                               174.67 USD
2023-03-10 price VBMPX                             118.74 USD
2023-03-10 price RGAGX                              67.24 USD
2023-03-10 price ITOT                              177.03 USD
2023-03-10 price VEA                               185.59 USD
2023-03-10 price VHT                               106.58 USD
2023-03-10 price GLD                               174.30 USD
2023-03-17 price VBMPX                             117.46 USD
2023-03-17 price RGAGX                              67.99 USD
2023-03-17 price ITOT                              183.64 USD
2023-03-17 price VEA                               184.48 USD
2023-03-17 price VHT                               107.05 USD
2023-03-17 price GLD                               179.73 USD
2023-03-24 price VBMPX                             117.47 USD
2023-03-24 price RGAGX                              69.70 USD
2023-03-24 price ITOT                              185.72 USD
2023-03-24 price VEA                               184.29 USD
2023-03-24 price VHT                               105.97 USD
2023-03-24 price GLD                               184.09 USD
2023-03-31 price VBMPX                             117.94 USD
2023-03-31 price RGAGX                              70.12 USD
2023-03-31 price ITOT                              192.46 USD
2023-03-31 price VEA                               184.59 USD
2023-03-31 price VHT                               106.09 USD
2023-03-31 price GLD                               186.54 USD
2023-04-07 price VBMPX                             119.17 USD
2023-04-07 price RGAGX                              70.48 USD
2023-04-07 price ITOT                              196.32 USD
2023-04-07 price VEA                               183.32 USD
2023-04-07 price VHT                               106.11 USD
2023-04-07 price GLD                               192.14 USD
2023-04-14 price VBMPX                             119.81 USD
2023-04-14 price RGAGX                              72.34 USD
2023-04-14 price ITOT                              197.06 USD
2023-04-14 price VEA                               183.06 USD
2023-04-14 price VHT                               105.52 USD
2023-04-14 price GLD                               198.67 USD
2023-04-21 price VBMPX                             119.99 USD
2023-04-21 price RGAGX                              72.12 USD
2023-04-21 price ITOT                              197.08 USD
2023-04-21 price VEA                               181.74 USD
2023-04-21 price VHT                               105.55 USD
2023-04-21 price GLD                               195.04 USD
2023-04-28 price VBMPX                             120.87 USD
2023-04-28 price RGAGX                              70.77 USD
2023-04-28 price ITOT                              199.12 USD
2023-04-28 price VEA                               185.40 USD
2023-04-28 price VHT                               105.89 USD
2023-04-28 price GLD                               193.89 USD
2023-05-05 price VBMPX                             121.82 USD
2023-05-05 price RGAGX                              70.09 USD
2023-05-05 price ITOT                              198.81 USD
2023-05-05 price VEA                               185.90 USD
2023-05-05 price VHT                               107.02 USD
2023-05-05 price GLD                               193.46 USD
2023-05-12 price VBMPX                             123.64 USD
2023-05-12 price RGAGX                              70.68 USD
2023-05-12 price ITOT                              201.14 USD
2023-05-12 price VEA                               184.43 USD
2023-05-12 price VHT                               106.66 USD
2023-05-12 price GLD                               195.30 USD
2023-05-19 price VBMPX                             124.43 USD
2023-05-19 price RGAGX                              69.53 USD
2023-05-19 price ITOT                              196.51 USD
2023-05-19 price VEA                               183.07 USD
2023-05-19 price VHT                               105.99 USD
2023-05-19 price GLD                               195.84 USD
2023-05-26 price VBMPX                             124.28 USD
2023-05-26 price RGAGX                              67.96 USD
2023-05-26 price ITOT                              199.09 USD
2023-05-26 price VEA                               184.88 USD
2023-05-26 price VHT                               106.53 USD
2023-05-26 price GLD                               196.14 USD
2023-06-02 price VBMPX                             123.85 USD
2023-06-02 price RGAGX                              68.38 USD
2023-06-02 price ITOT                              206.17 USD
2023-06-02 price VEA                               187.61 USD
2023-06-02 price VHT                               106.52 USD
2023-06-02 price GLD                               196.34 USD
2023-06-09 price VBMPX                             123.27 USD
2023-06-09 price RGAGX                              67.53 USD
2023-06-09 price ITOT                              212.85 USD
2023-06-09 price VEA                               186.99 USD
2023-06-09 price VHT                               105.27 USD
2023-06-09 price GLD                               198.21 USD
2023-06-16 price VBMPX                             122.18 USD
2023-06-16 price RGAGX                              68.89 USD
2023-06-16 price ITOT                              210.71 USD
2023-06-16 price VEA                               187.29 USD
2023-06-16 price VHT                               105.07 USD
2023-06-16 price GLD                               200.80 USD
2023-06-23 price VBMPX                             121.31 USD
2023-06-23 price RGAGX                              68.07 USD
2023-06-23 price ITOT                              208.71 USD
2023-06-23 price VEA                               187.67 USD
2023-06-23 price VHT                               104.66 USD
2023-06-23 price GLD                               195.97 USD
2023-06-30 price VBMPX                             120.83 USD
2023-06-30 price RGAGX                              66.69 USD
2023-06-30 price ITOT                              214.87 USD
2023-06-30 price VEA                               186.49 USD
2023-06-30 price VHT                               105.63 USD
2023-06-30 price GLD                               193.47 USD
2023-07-07 price VBMPX                             123.37 USD
2023-07-07 price RGAGX                              67.15 USD
2023-07-07 price ITOT                              218.54 USD
2023-07-07 price VEA                               187.78 USD
2023-07-07 price VHT                               104.98 USD
2023-07-07 price GLD                               193.47 USD
2023-07-14 price VBMPX                             122.28 USD
2023-07-14 price RGAGX                              66.50 USD
2023-07-14 price ITOT                              217.69 USD
2023-07-14 price VEA                               190.92 USD
2023-07-14 price VHT                               105.77 USD
2023-07-14 price GLD                               196.14 USD
2023-07-21 price VBMPX                             121.41 USD
2023-07-21 price RGAGX                              65.46 USD
2023-07-21 price ITOT                              219.14 USD
2023-07-21 price VEA                               189.59 USD
2023-07-21 price VHT                               105.63 USD
2023-07-21 price GLD                               204.71 USD
2023-07-28 price VBMPX                             121.57 USD
2023-07-28 price RGAGX                              64.26 USD
2023-07-28 price ITOT                              222.40 USD
2023-07-28 price VEA                               186.77 USD
2023-07-28 price VHT                               106.08 USD
2023-07-28 price GLD                               209.15 USD
2023-08-04 price VBMPX                             121.52 USD
2023-08-04 price RGAGX                              64.91 USD
2023-08-04 price ITOT                              222.59 USD
2023-08-04 price VEA                               185.08 USD
2023-08-04 price VHT                               104.96 USD
2023-08-04 price GLD                               213.48 USD
2023-08-11 price VBMPX                             122.54 USD
2023-08-11 price RGAGX                              65.79 USD
2023-08-11 price ITOT                              215.28 USD
2023-08-11 price VEA                               187.79 USD
2023-08-11 price VHT                               105.79 USD
2023-08-11 price GLD                               214.97 USD
2023-08-18 price VBMPX                             122.86 USD
2023-08-18 price RGAGX                              65.76 USD
2023-08-18 price ITOT                              217.23 USD
2023-08-18 price VEA                               188.86 USD
2023-08-18 price VHT                               105.66 USD
2023-08-18 price GLD                               219.27 USD
2023-08-25 price VBMPX                             122.76 USD
2023-08-25 price RGAGX                              66.96 USD
2023-08-25 price ITOT                              219.32 USD
2023-08-25 price VEA                               189.14 USD
2023-08-25 price VHT                               106.32 USD
2023-08-25 price GLD                               223.02 USD
2023-09-01 price VBMPX                             123.23 USD
2023-09-01 price RGAGX                              67.27 USD
2023-09-01 price ITOT                              220.80 USD
2023-09-01 price VEA                               186.50 USD
2023-09-01 price VHT                               106.10 USD
2023-09-01 price GLD                               226.61 USD
2023-09-08 price VBMPX                             122.85 USD
2023-09-08 price RGAGX                              66.28 USD
2023-09-08 price ITOT                              224.99 USD
2023-09-08 price VEA                               184.82 USD
2023-09-08 price VHT                               105.87 USD
2023-09-08 price GLD                               230.74 USD
2023-09-15 price VBMPX                             122.70 USD
2023-09-15 price RGAGX                              65.86 USD
2023-09-15 price ITOT                              222.52 USD
2023-09-15 price VEA                               181.49 USD
2023-09-15 price VHT                               105.10 USD
2023-09-15 price GLD                               233.89 USD
2023-09-22 price VBMPX                             122.46 USD
2023-09-22 price RGAGX                              65.93 USD
2023-09-22 price ITOT                              219.96 USD
2023-09-22 price VEA                               184.07 USD
2023-09-22 price VHT                               105.10 USD
2023-09-22 price GLD                               241.55 USD
2023-09-29 price VBMPX                             121.91 USD
2023-09-29 price RGAGX                              65.14 USD
2023-09-29 price ITOT                              220.65 USD
2023-09-29 price VEA                               185.53 USD
2023-09-29 price VHT                               105.91 USD
2023-09-29 price GLD                               243.73 USD
2023-10-06 price VBMPX                             122.39 USD
2023-10-06 price RGAGX                              65.07 USD
2023-10-06 price ITOT                              222.09 USD
2023-10-06 price VEA                               184.99 USD
2023-10-06 price VHT                               105.58 USD
2023-10-06 price GLD                               246.61 USD
2023-10-13 price VBMPX                             121.94 USD
2023-10-13 price RGAGX                              65.75 USD
2023-10-13 price ITOT                              217.28 USD
2023-10-13 price VEA                               182.84 USD
2023-10-13 price VHT                               106.13 USD
2023-10-13 price GLD                               247.81 USD
2023-10-20 price VBMPX                             120.56 USD
2023-10-20 price RGAGX                              66.66 USD
2023-10-20 price ITOT                              217.51 USD
2023-10-20 price VEA                               183.49 USD
2023-10-20 price VHT                               107.48 USD
2023-10-20 price GLD                               252.13 USD
2023-10-27 price VBMPX                             122.02 USD
2023-10-27 price RGAGX                              67.22 USD
2023-10-27 price ITOT                              211.79 USD
2023-10-27 price VEA                               183.92 USD
2023-10-27 price VHT                               107.34 USD
2023-10-27 price GLD                               257.37 USD
2023-11-03 price VBMPX                             122.22 USD
2023-11-03 price RGAGX                              67.50 USD
2023-11-03 price ITOT                              211.10 USD
2023-11-03 price VEA                               184.99 USD
2023-11-03 price VHT                               107.28 USD
2023-11-03 price GLD                               256.58 USD
2023-11-10 price VBMPX                             123.47 USD
2023-11-10 price RGAGX                              69.44 USD
2023-11-10 price ITOT                              216.60 USD
2023-11-10 price VEA                               184.56 USD
2023-11-10 price VHT                               106.69 USD
2023-11-10 price GLD                               255.90 USD
2023-11-17 price VBMPX                             123.83 USD
2023-11-17 price RGAGX                              69.37 USD
2023-11-17 price ITOT                              223.49 USD
2023-11-17 price VEA                               187.23 USD
2023-11-17 price VHT                               106.31 USD
2023-11-17 price GLD                               264.75 USD
2023-11-24 price VBMPX                             122.99 USD
2023-11-24 price RGAGX                              69.57 USD
2023-11-24 price ITOT                              228.06 USD
2023-11-24 price VEA                               185.66 USD
2023-11-24 price VHT                               105.60 USD
2023-11-24 price GLD                               264.01 USD
2023-12-01 price VBMPX                             124.48 USD
2023-12-01 price RGAGX                              70.42 USD
2023-12-01 price ITOT                              229.82 USD
2023-12-01 price VEA                               181.98 USD
2023-12-01 price VHT                               105.24 USD
2023-12-01 price GLD                               268.75 USD
2023-12-08 price VBMPX                             125.47 USD
2023-12-08 price RGAGX                              71.53 USD
2023-12-08 price ITOT                              228.29 USD
2023-12-08 price VEA                               185.34 USD
2023-12-08 price VHT                               106.21 USD
2023-12-08 price GLD                               272.01 USD
2023-12-15 price VBMPX                             122.87 USD
2023-12-15 price RGAGX                              72.26 USD
2023-12-15 price ITOT                              234.61 USD
2023-12-15 price VEA                               185.44 USD
2023-12-15 price VHT                               106.55 USD
2023-12-15 price GLD                               264.46 USD
2023-12-22 price VBMPX                             122.38 USD
2023-12-22 price RGAGX                              72.15 USD
2023-12-22 price ITOT                              232.14 USD
2023-12-22 price VEA                               187.74 USD
2023-12-22 price VHT                               105.77 USD
2023-12-22 price GLD                               262.09 USD
2023-12-29 price VBMPX                             122.92 USD
2023-12-29 price RGAGX                              74.02 USD
2023-12-29 price ITOT                              232.65 USD
2023-12-29 price VEA                               187.55 USD
2023-12-29 price VHT                               107.64 USD
2023-12-29 price GLD                               263.84 USD
2024-01-05 price VBMPX                             121.16 USD
2024-01-05 price RGAGX                              75.38 USD
2024-01-05 price ITOT                              227.27 USD
2024-01-05 price VEA                               187.44 USD
2024-01-05 price VHT                               107.25 USD
2024-01-05 price GLD                               258.45 USD
2024-01-12 price VBMPX                             121.43 USD
2024-01-12 price RGAGX                              77.37 USD
2024-01-12 price ITOT                              228.76 USD
2024-01-12 price VEA                               188.04 USD
2024-01-12 price VHT                               108.43 USD
2024-01-12 price GLD                               258.19 USD
2024-01-19 price VBMPX                             122.37 USD
2024-01-19 price RGAGX                              75.32 USD
2024-01-19 price ITOT                              232.12 USD
2024-01-19 price VEA                               188.85 USD
2024-01-19 price VHT                               107.31 USD
2024-01-19 price GLD                               253.45 USD
2024-01-26 price VBMPX                             121.30 USD
2024-01-26 price RGAGX                              74.45 USD
2024-01-26 price ITOT                              237.60 USD
2024-01-26 price VEA                               188.38 USD
2024-01-26 price VHT                               108.08 USD
2024-01-26 price GLD                               253.52 USD
2024-02-02 price VBMPX                             120.97 USD
2024-02-02 price RGAGX                              74.23 USD
2024-02-02 price ITOT                              241.34 USD
2024-02-02 price VEA                               185.83 USD
2024-02-02 price VHT                               107.64 USD
2024-02-02 price GLD                               254.01 USD
2024-02-09 price VBMPX                             122.03 USD
2024-02-09 price RGAGX                              73.47 USD
2024-02-09 price ITOT                              240.12 USD
2024-02-09 price VEA                               183.89 USD
2024-02-09 price VHT                               106.31 USD
2024-02-09 price GLD                               258.65 USD
2024-02-16 price VBMPX                             121.10 USD
2024-02-16 price RGAGX                              74.55 USD
2024-02-16 price ITOT                              240.88 USD
2024-02-16 price VEA                               185.76 USD
2024-02-16 price VHT                               106.23 USD
2024-02-16 price GLD                               253.04 USD
2024-02-23 price VBMPX                             122.73 USD
2024-02-23 price RGAGX                              74.53 USD
2024-02-23 price ITOT                              247.00 USD
2024-02-23 price VEA                               186.18 USD
2024-02-23 price VHT                               106.10 USD
2024-02-23 price GLD                               255.29 USD
2024-03-01 price VBMPX                             122.22 USD
2024-03-01 price RGAGX                              74.12 USD
2024-03-01 price ITOT                              245.72 USD
2024-03-01 price VEA                               188.74 USD
2024-03-01 price VHT                               105.79 USD
2024-03-01 price GLD                               253.04 USD
2024-03-08 price VBMPX                             121.73 USD
2024-03-08 price RGAGX                              73.29 USD
2024-03-08 price ITOT                              245.08 USD
2024-03-08 price VEA                               189.71 USD
2024-03-08 price VHT                               105.31 USD
2024-03-08 price GLD                               246.27 USD
2024-03-15 price VBMPX                             120.09 USD
2024-03-15 price RGAGX                              74.02 USD
2024-03-15 price ITOT                              242.36 USD
2024-03-15 price VEA                               188.57 USD
2024-03-15 price VHT                               106.11 USD
2024-03-15 price GLD                               247.37 USD
2024-03-22 price VBMPX                             119.88 USD
2024-03-22 price RGAGX                              72.77 USD
2024-03-22 price ITOT                              243.92 USD
2024-03-22 price VEA                               186.82 USD
2024-03-22 price VHT                               106.30 USD
2024-03-22 price GLD                               254.30 USD
2024-03-29 price VBMPX                             119.03 USD
2024-03-29 price RGAGX                              74.01 USD
2024-03-29 price ITOT                              248.07 USD
2024-03-29 price VEA                               190.34 USD
2024-03-29 price VHT                               105.34 USD
2024-03-29 price GLD                               253.02 USD
2024-04-05 price VBMPX                             120.27 USD
2024-04-05 price RGAGX                              73.85 USD
2024-04-05 price ITOT                              246.66 USD
2024-04-05 price VEA                               188.85 USD
2024-04-05 price VHT                               104.97 USD
2024-04-05 price GLD                               242.22 USD
2024-04-12 price VBMPX                             120.32 USD
2024-04-12 price RGAGX                              72.74 USD
2024-04-12 price ITOT                              242.54 USD
2024-04-12 price VEA                               189.27 USD
2024-04-12 price VHT                               104.47 USD
2024-04-12 price GLD                               244.56 USD
2024-04-19 price VBMPX                             121.09 USD
2024-04-19 price RGAGX                              71.28 USD
2024-04-19 price ITOT                              247.11 USD
2024-04-19 price VEA                               188.08 USD
2024-04-19 price VHT                               103.79 USD
2024-04-19 price GLD                               251.31 USD
2024-04-26 price VBMPX                             121.81 USD
2024-04-26 price RGAGX                              72.08 USD
2024-04-26 price ITOT                              248.15 USD
2024-04-26 price VEA                               186.87 USD
2024-04-26 price VHT                               103.00 USD
2024-04-26 price GLD                               253.47 USD
2024-05-03 price VBMPX                             120.52 USD
2024-05-03 price RGAGX                              73.55 USD
2024-05-03 price ITOT                              247.33 USD
2024-05-03 price VEA                               189.65 USD
2024-05-03 price VHT                               103.08 USD
2024-05-03 price GLD                               249.34 USD
2024-05-10 price VBMPX                             122.89 USD
2024-05-10 price RGAGX                              72.61 USD
2024-05-10 price ITOT                              250.84 USD
2024-05-10 price VEA                               188.19 USD
2024-05-10 price VHT                               104.24 USD
2024-05-10 price GLD                               255.05 USD
2024-05-17 price VBMPX                             123.22 USD
2024-05-17 price RGAGX                              72.32 USD
2024-05-17 price ITOT                              253.57 USD
2024-05-17 price VEA                               187.58 USD
2024-05-17 price VHT                               104.93 USD
2024-05-17 price GLD                               256.96 USD
2024-05-24 price VBMPX                             121.10 USD
2024-05-24 price RGAGX                              72.88 USD
2024-05-24 price ITOT                              254.76 USD
2024-05-24 price VEA                               188.32 USD
2024-05-24 price VHT                               104.90 USD
2024-05-24 price GLD                               261.07 USD
2024-05-31 price VBMPX                             121.78 USD
2024-05-31 price RGAGX                              72.76 USD
2024-05-31 price ITOT                              253.32 USD
2024-05-31 price VEA                               191.49 USD
2024-05-31 price VHT                               104.51 USD
2024-05-31 price GLD                               259.56 USD
2024-06-07 price VBMPX                             122.60 USD
2024-06-07 price RGAGX                              72.89 USD
2024-06-07 price ITOT                              251.12 USD
2024-06-07 price VEA                               191.18 USD
2024-06-07 price VHT                               103.06 USD
2024-06-07 price GLD                               255.56 USD
2024-06-14 price VBMPX                             120.36 USD
2024-06-14 price RGAGX                              73.54 USD
2024-06-14 price ITOT                              252.93 USD
2024-06-14 price VEA                               191.25 USD
2024-06-14 price VHT                               103.29 USD
2024-06-14 price GLD                               258.17 USD
2024-06-21 price VBMPX                             120.21 USD
2024-06-21 price RGAGX                              72.11 USD
2024-06-21 price ITOT                              253.71 USD
2024-06-21 price VEA                               192.42 USD
2024-06-21 price VHT                               104.33 USD
2024-06-21 price GLD                               253.54 USD
2024-06-28 price VBMPX                             118.79 USD
2024-06-28 price RGAGX                              68.61 USD
2024-06-28 price ITOT                              256.85 USD
2024-06-28 price VEA                               197.93 USD
2024-06-28 price VHT                               105.13 USD
2024-06-28 price GLD                               251.50 USD
2024-07-05 price VBMPX                             121.44 USD
2024-07-05 price RGAGX                              67.09 USD
2024-07-05 price ITOT                              258.18 USD
2024-07-05 price VEA                               199.04 USD
2024-07-05 price VHT                               105.41 USD
2024-07-05 price GLD                               254.40 USD
2024-07-12 price VBMPX                             121.41 USD
2024-07-12 price RGAGX                              67.50 USD
2024-07-12 price ITOT                              257.22 USD
2024-07-12 price VEA                               198.61 USD
2024-07-12 price VHT                               105.67 USD
2024-07-12 price GLD                               250.27 USD
2024-07-19 price VBMPX                             121.85 USD
2024-07-19 price RGAGX                              68.03 USD
2024-07-19 price ITOT                              256.01 USD
2024-07-19 price VEA                               199.52 USD
2024-07-19 price VHT                               105.50 USD
2024-07-19 price GLD                               246.57 USD
2024-07-26 price VBMPX                             121.58 USD
2024-07-26 price RGAGX                              68.93 USD
2024-07-26 price ITOT                              252.34 USD
2024-07-26 price VEA                               202.50 USD
2024-07-26 price VHT                               104.10 USD
2024-07-26 price GLD                               247.33 USD
2024-08-02 price VBMPX                             121.68 USD
2024-08-02 price RGAGX                              70.28 USD
2024-08-02 price ITOT                              249.48 USD
2024-08-02 price VEA                               204.04 USD
2024-08-02 price VHT                               105.35 USD
2024-08-02 price GLD                               244.24 USD
2024-08-09 price VBMPX                             121.38 USD
2024-08-09 price RGAGX                              70.82 USD
2024-08-09 price ITOT                              252.89 USD
2024-08-09 price VEA                               206.99 USD
2024-08-09 price VHT                               105.37 USD
2024-08-09 price GLD                               246.62 USD
2024-08-16 price VBMPX                             121.78 USD
2024-08-16 price RGAGX                              71.99 USD
2024-08-16 price ITOT                              250.88 USD
2024-08-16 price VEA                               207.42 USD
2024-08-16 price VHT                               105.24 USD
2024-08-16 price GLD                               253.93 USD
2024-08-23 price VBMPX                             121.22 USD
2024-08-23 price RGAGX                              73.57 USD
2024-08-23 price ITOT                              249.91 USD
2024-08-23 price VEA                               205.10 USD
2024-08-23 price VHT                               106.07 USD
2024-08-23 price GLD                               262.06 USD
2024-08-30 price VBMPX                             122.13 USD
2024-08-30 price RGAGX                              74.87 USD
2024-08-30 price ITOT                              253.24 USD
2024-08-30 price VEA                               207.84 USD
2024-08-30 price VHT                               105.88 USD
2024-08-30 price GLD                               263.68 USD
2024-09-06 price VBMPX                             120.91 USD
2024-09-06 price RGAGX                              72.51 USD
2024-09-06 price ITOT                              250.96 USD
2024-09-06 price VEA                               208.16 USD
2024-09-06 price VHT                               105.12 USD
2024-09-06 price GLD                               262.12 USD
2024-09-13 price VBMPX                             120.66 USD
2024-09-13 price RGAGX                              73.08 USD
2024-09-13 price ITOT                              246.54 USD
2024-09-13 price VEA                               205.07 USD
2024-09-13 price VHT                               104.25 USD
2024-09-13 price GLD                               262.01 USD
2024-09-20 price VBMPX                             121.12 USD
2024-09-20 price RGAGX                              71.88 USD
2024-09-20 price ITOT                              242.17 USD
2024-09-20 price VEA                               206.92 USD
2024-09-20 price VHT                               104.41 USD
2024-09-20 price GLD                               263.84 USD
2024-09-27 price VBMPX                             121.29 USD
2024-09-27 price RGAGX                              71.80 USD
2024-09-27 price ITOT                              239.10 USD
2024-09-27 price VEA                               205.23 USD
2024-09-27 price VHT                               103.90 USD
2024-09-27 price GLD                               266.02 USD
2024-10-04 price VBMPX                             123.04 USD
2024-10-04 price RGAGX                              71.73 USD
2024-10-04 price ITOT                              245.68 USD
2024-10-04 price VEA                               202.78 USD
2024-10-04 price VHT                               105.08 USD
2024-10-04 price GLD                               255.56 USD
2024-10-11 price VBMPX                             126.56 USD
2024-10-11 price RGAGX                              73.12 USD
2024-10-11 price ITOT                              248.95 USD
2024-10-11 price VEA                               205.52 USD
2024-10-11 price VHT                               104.27 USD
2024-10-11 price GLD                               259.63 USD
2024-10-18 price VBMPX                             126.41 USD
2024-10-18 price RGAGX                              71.93 USD
2024-10-18 price ITOT                              248.06 USD
2024-10-18 price VEA                               203.73 USD
2024-10-18 price VHT                               103.48 USD
2024-10-18 price GLD                               266.97 USD
2024-10-25 price VBMPX                             126.66 USD
2024-10-25 price RGAGX                              72.86 USD
2024-10-25 price ITOT                              244.52 USD
2024-10-25 price VEA                               201.84 USD
2024-10-25 price VHT                               103.93 USD
2024-10-25 price GLD                               271.00 USD
2024-11-01 price VBMPX                             125.76 USD
2024-11-01 price RGAGX                              73.06 USD
2024-11-01 price ITOT                              238.89 USD
2024-11-01 price VEA                               202.19 USD
2024-11-01 price VHT                               104.11 USD
2024-11-01 price GLD                               273.89 USD
2024-11-08 price VBMPX                             126.18 USD
2024-11-08 price RGAGX                              72.74 USD
2024-11-08 price ITOT                              238.60 USD
2024-11-08 price VEA                               202.45 USD
2024-11-08 price VHT                               104.00 USD
2024-11-08 price GLD                               277.52 USD
2024-11-15 price VBMPX                             126.37 USD
2024-11-15 price RGAGX                              74.02 USD
2024-11-15 price ITOT                              237.07 USD
2024-11-15 price VEA                               202.37 USD
2024-11-15 price VHT                               104.92 USD
2024-11-15 price GLD                               275.10 USD
2024-11-22 price VBMPX                             127.72 USD
2024-11-22 price RGAGX                              73.45 USD
2024-11-22 price ITOT                              233.79 USD
2024-11-22 price VEA                               202.98 USD
2024-11-22 price VHT                               104.97 USD
2024-11-22 price GLD                               271.12 USD
2024-11-29 price VBMPX                             127.25 USD
2024-11-29 price RGAGX                              73.42 USD
2024-11-29 price ITOT                              235.78 USD
2024-11-29 price VEA                               202.56 USD
2024-11-29 price VHT                               105.70 USD
2024-11-29 price GLD                               271.27 USD
2024-12-06 price VBMPX                             126.92 USD
2024-12-06 price RGAGX                              75.41 USD
2024-12-06 price ITOT                              241.95 USD
2024-12-06 price VEA                               204.12 USD
2024-12-06 price VHT                               104.38 USD
2024-12-06 price GLD                               275.31 USD
2024-12-13 price VBMPX                             127.56 USD
2024-12-13 price RGAGX                              78.15 USD
2024-12-13 price ITOT                              242.66 USD
2024-12-13 price VEA                               209.99 USD
2024-12-13 price VHT                               105.90 USD
2024-12-13 price GLD                               274.85 USD
2024-12-20 price VBMPX                             128.73 USD
2024-12-20 price RGAGX                              78.43 USD
2024-12-20 price ITOT                              244.93 USD
2024-12-20 price VEA                               208.60 USD
2024-12-20 price VHT                               105.07 USD
2024-12-20 price GLD                               278.43 USD
2024-12-27 price VBMPX                             128.75 USD
2024-12-27 price RGAGX                              79.37 USD
2024-12-27 price ITOT                              248.52 USD
2024-12-27 price VEA                               210.52 USD
2024-12-27 price VHT                               106.35 USD
2024-12-27 price GLD                               285.25 USD
2025-01-03 price VBMPX                             129.44 USD
2025-01-03 price RGAGX                              78.96 USD
2025-01-03 price ITOT                              251.33 USD
2025-01-03 price VEA                               213.26 USD
2025-01-03 price VHT                               105.83 USD
2025-01-03 price GLD                               276.51 USD
2025-01-10 price VBMPX                             130.65 USD
2025-01-10 price RGAGX                              78.74 USD
2025-01-10 price ITOT                              257.52 USD
2025-01-10 price VEA                               216.86 USD
2025-01-10 price VHT                               106.25 USD
2025-01-10 price GLD                               269.87 USD
2025-01-17 price VBMPX                             131.87 USD
2025-01-17 price RGAGX                              79.93 USD
2025-01-17 price ITOT                              262.75 USD
2025-01-17 price VEA                               222.09 USD
2025-01-17 price VHT                               107.46 USD
2025-01-17 price GLD                               268.38 USD
2025-01-24 price VBMPX                             130.41 USD
2025-01-24 price RGAGX                              80.11 USD
2025-01-24 price ITOT                              268.72 USD
2025-01-24 price VEA                               224.70 USD
2025-01-24 price VHT                               106.89 USD
2025-01-24 price GLD                               262.06 USD
2025-01-31 price VBMPX                             131.28 USD
2025-01-31 price RGAGX                              79.45 USD
2025-01-31 price ITOT                              266.75 USD
2025-01-31 price VEA                               226.03 USD
2025-01-31 price VHT                               107.82 USD
2025-01-31 price GLD                               262.36 USD
2025-02-07 price VBMPX                             129.95 USD
2025-02-07 price RGAGX                              77.92 USD
2025-02-07 price ITOT                              268.04 USD
2025-02-07 price VEA                               223.92 USD
2025-02-07 price VHT                               107.63 USD
2025-02-07 price GLD                               268.07 USD
2025-02-14 price VBMPX                             130.46 USD
2025-02-14 price RGAGX                              77.70 USD
2025-02-14 price ITOT                              270.22 USD
2025-02-14 price VEA                               223.60 USD
2025-02-14 price VHT                               108.21 USD
2025-02-14 price GLD                               259.33 USD
2025-02-21 price VBMPX                             132.61 USD
2025-02-21 price RGAGX                              77.49 USD
2025-02-21 price ITOT                              275.54 USD
2025-02-21 price VEA                               225.04 USD
2025-02-21 price VHT                               107.50 USD
2025-02-21 price GLD                               257.25 USD
2025-02-28 price VBMPX                             134.33 USD
2025-02-28 price RGAGX                              77.60 USD
2025-02-28 price ITOT                              275.10 USD
2025-02-28 price VEA                               227.57 USD
2025-02-28 price VHT                               109.28 USD
2025-02-28 price GLD                               262.10 USD
2025-03-07 price VBMPX                             134.72 USD
2025-03-07 price RGAGX                              79.05 USD
2025-03-07 price ITOT                              277.00 USD
2025-03-07 price VEA                               228.71 USD
2025-03-07 price VHT                               110.25 USD
2025-03-07 price GLD                               260.99 USD
2025-03-14 price VBMPX                             134.92 USD
2025-03-14 price RGAGX                              79.98 USD
2025-03-14 price ITOT                              276.39 USD
2025-03-14 price VEA                               232.37 USD
2025-03-14 price VHT                               108.70 USD
2025-03-14 price GLD                               263.39 USD
2025-03-21 price VBMPX                             134.33 USD
2025-03-21 price RGAGX                              78.71 USD
2025-03-21 price ITOT                              278.19 USD
2025-03-21 price VEA                               230.71 USD
2025-03-21 price VHT                               108.22 USD
2025-03-21 price GLD                               268.04 USD
2025-03-28 price VBMPX                             133.45 USD
2025-03-28 price RGAGX                              79.63 USD
2025-03-28 price ITOT                              277.80 USD
2025-03-28 price VEA                               229.06 USD
2025-03-28 price VHT                               108.76 USD
2025-03-28 price GLD                               273.24 USD
2025-04-04 price VBMPX                             135.59 USD
2025-04-04 price RGAGX                              80.27 USD
2025-04-04 price ITOT                              274.35 USD
2025-04-04 price VEA                               227.51 USD
2025-04-04 price VHT                               109.37 USD
2025-04-04 price GLD                               273.23 USD
2025-04-11 price VBMPX                             134.83 USD
2025-04-11 price RGAGX                              79.63 USD
2025-04-11 price ITOT                              279.35 USD
2025-04-11 price VEA                               230.50 USD
2025-04-11 price VHT                               108.61 USD
2025-04-11 price GLD                               278.62 USD
2025-04-18 price VBMPX                             136.47 USD
2025-04-18 price RGAGX                              78.45 USD
2025-04-18 price ITOT                              276.21 USD
2025-04-18 price VEA                               232.03 USD
2025-04-18 price VHT                               107.77 USD
2025-04-18 price GLD                               278.94 USD
2025-04-25 price VBMPX                             137.23 USD
2025-04-25 price RGAGX                              77.98 USD
2025-04-25 price ITOT                              275.83 USD
2025-04-25 price VEA                               231.48 USD
2025-04-25 price VHT                               107.94 USD
2025-04-25 price GLD                               279.85 USD
2025-05-02 price VBMPX                             135.52 USD
2025-05-02 price RGAGX                              76.73 USD
2025-05-02 price ITOT                              276.22 USD
2025-05-02 price VEA                               231.95 USD
2025-05-02 price VHT                               109.39 USD
2025-05-02 price GLD                               280.33 USD
2025-05-09 price VBMPX                             136.64 USD
2025-05-09 price RGAGX                              75.05 USD
2025-05-09 price ITOT                              271.74 USD
2025-05-09 price VEA                               233.30 USD
2025-05-09 price VHT                               107.94 USD
2025-05-09 price GLD                               276.52 USD
2025-05-16 price VBMPX                             137.82 USD
2025-05-16 price RGAGX                              74.96 USD
2025-05-16 price ITOT                              271.96 USD
2025-05-16 price VEA                               230.44 USD
2025-05-16 price VHT                               107.61 USD
2025-05-16 price GLD                               286.52 USD
2025-05-23 price VBMPX                             139.28 USD
2025-05-23 price RGAGX                              74.70 USD
2025-05-23 price ITOT                              269.06 USD
2025-05-23 price VEA                               228.51 USD
2025-05-23 price VHT                               107.80 USD
2025-05-23 price GLD                               293.42 USD
2025-05-30 price VBMPX                             139.34 USD
2025-05-30 price RGAGX                              70.64 USD
2025-05-30 price ITOT                              265.56 USD
2025-05-30 price VEA                               229.24 USD
2025-05-30 price VHT                               107.77 USD
2025-05-30 price GLD                               296.88 USD
2025-06-06 price VBMPX                             141.48 USD
2025-06-06 price RGAGX                              70.77 USD
2025-06-06 price ITOT                              263.86 USD
2025-06-06 price VEA                               233.96 USD
2025-06-06 price VHT                               108.10 USD
2025-06-06 price GLD                               287.30 USD
2025-06-13 price VBMPX                             140.55 USD
2025-06-13 price RGAGX                              71.94 USD
2025-06-13 price ITOT                              266.80 USD
2025-06-13 price VEA                               233.80 USD
2025-06-13 price VHT                               108.03 USD
2025-06-13 price GLD                               284.62 USD
2025-06-20 price VBMPX                             141.78 USD
2025-06-20 price RGAGX                              70.95 USD
2025-06-20 price ITOT                              271.94 USD
2025-06-20 price VEA                               233.08 USD
2025-06-20 price VHT                               107.89 USD
2025-06-20 price GLD                               279.84 USD
2025-06-27 price VBMPX                             143.30 USD
2025-06-27 price RGAGX                              70.72 USD
2025-06-27 price ITOT                              268.42 USD
2025-06-27 price VEA                               232.00 USD
2025-06-27 price VHT                               108.03 USD
2025-06-27 price GLD                               280.09 USD
2025-07-04 price VBMPX                             144.39 USD
2025-07-04 price RGAGX                              71.64 USD
2025-07-04 price ITOT                              277.25 USD
2025-07-04 price VEA                               231.66 USD
2025-07-04 price VHT                               108.41 USD
2025-07-04 price GLD                               287.77 USD
2025-07-11 price VBMPX                             146.75 USD
2025-07-11 price RGAGX                              71.98 USD
2025-07-11 price ITOT                              284.11 USD
2025-07-11 price VEA                               229.86 USD
2025-07-11 price VHT                               110.33 USD
2025-07-11 price GLD                               293.49 USD
2025-07-18 price VBMPX                             147.26 USD
2025-07-18 price RGAGX                              71.37 USD
2025-07-18 price ITOT                              285.96 USD
2025-07-18 price VEA                               226.81 USD
2025-07-18 price VHT                               110.85 USD
2025-07-18 price GLD                               287.32 USD
2025-07-25 price VBMPX                             148.23 USD
2025-07-25 price RGAGX                              71.75 USD
2025-07-25 price ITOT                              283.65 USD
2025-07-25 price VEA                               226.40 USD
2025-07-25 price VHT                               111.23 USD
2025-07-25 price GLD                               289.68 USD
2025-08-01 price VBMPX                             148.66 USD
2025-08-01 price RGAGX                              70.40 USD
2025-08-01 price ITOT                              280.80 USD
2025-08-01 price VEA                               229.15 USD
2025-08-01 price VHT                               112.84 USD
2025-08-01 price GLD                               294.89 USD
2025-08-08 price VBMPX                             150.00 USD
2025-08-08 price RGAGX                              69.99 USD
2025-08-08 price ITOT                              292.65 USD
2025-08-08 price VEA                               229.39 USD
2025-08-08 price VHT                               113.01 USD
2025-08-08 price GLD                               293.03 USD
2025-08-15 price VBMPX                             150.92 USD
2025-08-15 price RGAGX                              69.98 USD
2025-08-15 price ITOT                              288.90 USD
2025-08-15 price VEA                               229.30 USD
2025-08-15 price VHT                               112.40 USD
2025-08-15 price GLD                               295.72 USD
2025-08-22 price VBMPX                             149.78 USD
2025-08-22 price RGAGX                              69.58 USD
2025-08-22 price ITOT                              291.44 USD
2025-08-22 price VEA                               228.45 USD
2025-08-22 price VHT                               113.89 USD
2025-08-22 price GLD                               296.28 USD
2025-08-29 price VBMPX                             148.63 USD
2025-08-29 price RGAGX                              68.63 USD
2025-08-29 price ITOT                              288.86 USD
2025-08-29 price VEA                               231.12 USD
2025-08-29 price VHT                               114.31 USD
2025-08-29 price GLD                               296.11 USD
2025-09-05 price VBMPX                             150.66 USD
2025-09-05 price RGAGX                              71.43 USD
2025-09-05 price ITOT                              294.76 USD
2025-09-05 price VEA                               233.58 USD
2025-09-05 price VHT                               113.43 USD
2025-09-05 price GLD                               294.83 USD
2025-09-12 price VBMPX                             150.99 USD
2025-09-12 price RGAGX                              72.50 USD
2025-09-12 price ITOT                              296.98 USD
2025-09-12 price VEA                               233.39 USD
2025-09-12 price VHT                               113.69 USD
2025-09-12 price GLD                               296.04 USD
2025-09-19 price VBMPX                             152.15 USD
2025-09-19 price RGAGX                              72.06 USD
2025-09-19 price ITOT                              294.96 USD
2025-09-19 price VEA                               236.59 USD
2025-09-19 price VHT                               113.23 USD
2025-09-19 price GLD                               297.71 USD
2025-09-26 price VBMPX                             152.61 USD
2025-09-26 price RGAGX                              73.47 USD
2025-09-26 price ITOT                              301.24 USD
2025-09-26 price VEA                               238.65 USD
2025-09-26 price VHT                               113.15 USD
2025-09-26 price GLD                               301.46 USD
2025-10-03 price VBMPX                             151.40 USD
2025-10-03 price RGAGX                              74.56 USD
2025-10-03 price ITOT                              308.78 USD
2025-10-03 price VEA                               232.05 USD
2025-10-03 price VHT                               114.30 USD
2025-10-03 price GLD                               304.17 USD
2025-10-10 price VBMPX                             151.04 USD
2025-10-10 price RGAGX                              74.13 USD
2025-10-10 price ITOT                              310.37 USD
2025-10-10 price VEA                               227.74 USD
2025-10-10 price VHT                               113.87 USD
2025-10-10 price GLD                               310.48 USD
2025-10-17 price VBMPX                             151.62 USD
2025-10-17 price RGAGX                              73.09 USD
2025-10-17 price ITOT                              311.35 USD
2025-10-17 price VEA                               226.76 USD
2025-10-17 price VHT                               113.86 USD
2025-10-17 price GLD                               300.17 USD
2025-10-24 price VBMPX                             152.36 USD
2025-10-24 price RGAGX                              73.71 USD
2025-10-24 price ITOT                              318.67 USD
2025-10-24 price VEA                               224.69 USD
2025-10-24 price VHT                               112.80 USD
2025-10-24 price GLD                               297.32 USD
2025-10-31 price VBMPX                             151.21 USD
2025-10-31 price RGAGX                              70.96 USD
2025-10-31 price ITOT                              322.92 USD
2025-10-31 price VEA                               225.25 USD
2025-10-31 price VHT                               114.46 USD
2025-10-31 price GLD                               301.71 USD
2025-11-07 price VBMPX                             151.70 USD
2025-11-07 price RGAGX                              73.03 USD
2025-11-07 price ITOT                              319.30 USD
2025-11-07 price VEA                               224.95 USD
2025-11-07 price VHT                               114.92 USD
2025-11-07 price GLD                               305.76 USD
2025-11-14 price VBMPX                             151.35 USD
2025-11-14 price RGAGX                              72.81 USD
2025-11-14 price ITOT                              321.34 USD
2025-11-14 price VEA                               226.40 USD
2025-11-14 price VHT                               114.70 USD
2025-11-14 price GLD                               306.61 USD
2025-11-21 price VBMPX                             151.08 USD
2025-11-21 price RGAGX                              71.69 USD
2025-11-21 price ITOT                              324.71 USD
2025-11-21 price VEA                               223.80 USD
2025-11-21 price VHT                               114.09 USD
2025-11-21 price GLD                               303.00 USD
2025-11-28 price VBMPX                             150.93 USD
2025-11-28 price RGAGX                              76.25 USD
2025-11-28 price ITOT                              328.12 USD
2025-11-28 price VEA                               223.01 USD
2025-11-28 price VHT                               113.70 USD
2025-11-28 price GLD                               307.48 USD
2025-12-05 price VBMPX                             150.48 USD
2025-12-05 price RGAGX                              75.28 USD
2025-12-05 price ITOT                              325.07 USD
2025-12-05 price VEA                               219.49 USD
2025-12-05 price VHT                               112.95 USD
2025-12-05 price GLD                               311.28 USD
2025-12-12 price VBMPX                             148.88 USD
2025-12-12 price RGAGX                              74.26 USD
2025-12-12 price ITOT                              320.51 USD
2025-12-12 price VEA                               219.30 USD
2025-12-12 price VHT                               111.70 USD
2025-12-12 price GLD                               319.37 USD



* Cash

